2750 4575
658 140 678 206 8

177 331 359 415 Antequam
388 330 493 396 fontes
522 330 603 397 adeo
632 332 736 416 ipsos,
771 352 908 416 qnorum
934 353 975 398 ex
1002 335 1125 403 mutilis
1151 338 1235 421 naga

90 434 207 501 mentis
228 433 307 517 quid
329 436 407 499 oerti
428 434 480 499 vel
500 434 673 499 verisimile
695 433 735 499 de
757 441 876 499 natura
895 436 1111 519 parasitorum
1132 442 1236 503 vatus·

90 538 210 602 tiorum
232 537 334 621 possit
355 535 504 601 concludi
526 536 727 602 conscribere
748 537 781 601 in
805 537 912 602 animo
934 538 1014 603 mihi
1036 546 1101 620 est,
1122 540 1161 605 de
1183 559 1236 605 ve·

88 639 227 723 riloquio
257 637 403 703 vocabuli
432 633 618 725 παράσιτος
646 638 803 705 nonnulla
830 641 1060 724 praemittam,
1096 663 1135 707 ne
1163 643 1236 726 quis

88 740 164 807 inde
193 739 233 805 ab
263 741 356 806 initio
388 740 504 806 falsam
531 743 834 827 interpretationem
868 749 996 808 secutus
1024 745 1059 810 in
1094 764 1235 810 errorem

89 844 298 928 proripiatur.
343 843 570 928 Comparanda
595 851 645 909 est
666 844 747 909 haec
769 865 831 909 vox
853 839 1039 931 παράσιτος
1057 867 1130 912 cnm
1144 867 1236 913 vosa-

88 946 173 1012 bulis
200 940 404 1029 παροὶκοιτος
431 948 579 1031 (κοιτεῖν)
609 941 799 1033 παράληρος
825 946 959 1033 (ληρεῖν)
987 944 1148 1034 πάροικος
1169 944 1236 1035 (οἱ-

88 1049 171 1127 κεῖν)
194 1046 351 1112 similibus
372 1048 440 1127 ita,
477 1054 513 1114 ut
540 1044 726 1134 παράσιτος
748 1069 874 1133 quoque
897 1050 1109 1117 derivandum
1129 1053 1171 1117 sit
1194 1052 1236 1119 ab

89 1152 193 1216 σιτεῖν
215 1148 265 1215 vel
288 1151 395 1233 potius
416 1154 622 1237 παρασιτεῖν,
646 1172 749 1234 neque
771 1172 847 1216 vero
870 1153 912 1216 sit
937 1172 977 1217 ex
999 1156 1237 1239 praepositione

89 1249 182 1339 παρά
203 1259 237 1317 et
258 1250 460 1319 substantivo
483 1256 576 1331 σῖτος
597 1254 817 1337 compositum.
863 1253 947 1319 Nam
969 1256 1094 1342 -ληρος,
1116 1278 1235 1337 -οικος,

90 1377 218 1433 -σιτος,
240 1355 489 1440 compositorum
511 1355 682 1421 verborum
705 1355 865 1435 membra,
894 1356 1101 1423 nullomodo
1123 1357 1236 1423 eadem

89 1464 164 1523 sunt
184 1456 341 1522 voeabula
364 1478 401 1521 ac
424 1457 530 1544 λῆρος,
554 1449 654 1537 οἶκος,
679 1459 781 1537 σῖτος,
812 1459 869 1523 sed
892 1458 1054 1523 hominem
1076 1459 1237 1543 quendam

88 1558 286 1644 significant,
309 1561 365 1644 qui
387 1561 557 1626 verborum
578 1560 697 1647 ληρεῖν,
721 1553 832 1639 οἰκεῖν,
858 1563 962 1626 σιτεῖν
984 1562 1143 1626 notionem
1165 1583 1236 1647 per·

87 1661 184 1728 finiat.
230 1662 314 1726 Nam
336 1662 363 1726 si
386 1661 551 1746 primitiva
573 1662 730 1728 vocabula
751 1662 862 1748 λῆρος,
887 1654 992 1742 οἶκος,
1016 1666 1124 1743 σῖτος,
1152 1685 1236 1749 quae

87 1785 140 1830 res
162 1764 318 1850 quasdam
340 1764 524 1848 significant
546 1786 618 1830 enm
639 1765 876 1850 praepositione
898 1761 990 1852 παρά
1011 1785 1237 1850 componeren-

88 1871 158 1946 tur,
181 1866 358 1952 composita
380 1887 535 1949 personae
558 1866 826 1951 significationem
847 1887 911 1932 non
932 1873 1063 1951 possent
1084 1869 1236 1949 mutuari,

88 1969 151 2034 nisi
172 1968 268 2034 simul
296 1968 554 2033 terminationem
578 1991 648 2048 -ιος
668 1989 728 2053 pro
750 1992 806 2046 -ος
827 1973 1036 2035 assumerent.
1080 1969 1237 2055 Exempla

89 2076 169 2137 sunt
186 2065 427 2158 παρανίμφιος,
451 2067 691 2159 παρασφύριος,
714 2091 796 2155 qnae
818 2071 905 2156 apud
924 2071 1168 2155 lexicographos
1183 2072 1237 2136 de·

88 2195 177 2239 mum
199 2175 297 2238 etiam
319 2169 554 2261 παράνυμφος,
587 2168 805 2260 πατάσφορος
834 2173 1026 2239 scribuntur.
1070 2172 1236 2239 Venabula

88 2281 196 2341 autem
225 2275 282 2342 illa
310 2276 344 2341 in
374 2298 430 2355 -ος
458 2275 611 2343 exeuntia
637 2275 873 2361 quodammodo
904 2275 1065 2360 adjectiva
1093 2276 1236 2343 verbalia

87 2383 222 2465 possunt
243 2379 418 2459 nominari,
445 2379 591 2462 quamvis
612 2398 670 2463 per
692 2399 726 2444 se
748 2380 867 2443 omissa
885 2380 1123 2464 praepositione
1144 2401 1236 2445 usur·

86 2482 159 2567 pari
180 2486 350 2565 nequeant.
395 2480 480 2546 Addi
500 2486 616 2565 potest,
638 2481 665 2545 si
688 2501 709 2544 a
730 2481 836 2546 verbis
855 2481 1067 2546 intransitivis
1082 2482 1236 2565 originem

89 2584 257 2662 duxerint,
285 2582 375 2648 abire
397 2582 477 2648 haee
499 2582 657 2648 vocabula
677 2581 711 2647 in
733 2584 888 2662 activam,
911 2583 938 2648 si
960 2603 981 2648 a
1003 2584 1180 2649 transitivis
1199 2584 1235 2650 in

86 2687 246 2772 passivam
269 2684 545 2768 significationem.
589 2684 690 2770 Cujus
711 2683 844 2750 alterius
859 2685 985 2768 generis
998 2687 1146 2773 exempla
1160 2691 1236 2753 sunt

88 2784 311 2875 παράτροφος,
340 2782 568 2873 παράτροπος,
592 2782 800 2874 παράτοπος,
824 2782 1056 2874 παράφθορος,
1078 2783 1235 2876 παράφο·

87 2913 153 2977 ρος.
196 2885 390 2976 Παράσιτος
410 2910 487 2955 vero
508 2889 615 2970 estis,
639 2890 695 2974 qui
718 2891 826 2955 σιτεῖ
846 2911 917 2954 emo
933 2888 1050 2975 aliquo.
1089 2890 1235 2976 Denique

88 3014 161 3059 cum
189 2992 381 3058 vocabulum
409 2986 595 3078 παράσιτος
616 2999 689 3078 post
710 2990 900 3057 vocabulum
922 2994 1118 3078 παρασιτεῖν
1140 2993 1236 3059 exsti·

88 3096 174 3174 terit,
195 3089 380 3180 παράσιτος
401 3095 532 3180 quidem
553 3095 736 3179 quicunque
752 3097 931 3180 παρασιτεῖ
945 3099 1050 3178 potest
1065 3095 1235 3174 nominari,

89 3197 145 3263 sed
166 3201 363 3283 παρασιτεῖν
384 3198 531 3284 quamvis
552 3198 637 3262 idem
660 3218 729 3262 esse
752 3202 858 3283 potest
879 3218 917 3261 ao
944 3191 1130 3281 παράσιτον
1151 3188 1236 3264 εἶναι

89 3307 198 3366 tamen
220 3300 339 3385 ubique
361 3302 489 3367 sitnon
511 3320 639 3365 neeesse
661 3303 720 3363 est.
739 3340 776 3349 -
801 3298 868 3363 Cur
889 3299 970 3363 haec
991 3303 1041 3363 tot
1061 3298 1167 3365 verbis
1182 3322 1235 3366 ex·

88 3404 249 3488 posuerim
270 3403 431 3486 intelliget
452 3404 497 3483 is,
531 3402 587 3485 qui
608 3402 802 3485 interpretes
824 3400 913 3482 legat
934 3399 1014 3483 legis
1035 3400 1162 3485 regiae,
1195 3401 1235 3468 de

89 3527 155 3589 qua
175 3505 262 3571 infra
284 3505 441 3583 dicemus,
476 3505 531 3587 qui
553 3508 751 3583 metuentes,
785 3522 826 3566 ne
846 3501 997 3587 parasitis
1017 3509 1147 3587 praeter
1168 3504 1235 3570 fru-

88 3608 190 3676 menti
211 3610 332 3692 (σῖτος)
355 3627 466 3673 ουσιαι
487 3606 584 3672 boum
607 3625 734 3689 quoque
755 3603 915 3670 delectum
937 3604 1129 3684 tribuerent,
1158 3607 1235 3672 arti·

89 3710 286 3777 fioiosissime
314 3709 504 3775 vocabulum
532 3702 691 3792 βονιολία
717 3706 879 3792 explicare
900 3712 933 3773 et
953 3705 1163 3791 interpretari
1184 3729 1235 3774 eo·

89 3814 160 3879 nati
180 3818 265 3879 sunt.
311 3811 374 3879 Sed
395 3810 476 3876 haee
497 3809 664 3876 haetenus.
707 3808 782 3875 Jam
803 3809 846 3874 ad
868 3829 936 3873 rem
963 3807 1069 3893 ipsam
1089 3830 1140 3875 me
1162 3831 1234 3876 oon·

90 3922 188 3981 verto.

177 4013 282 4096 Quum
310 4014 483 4101 peculiaris
513 4014 553 4079 de
581 4012 735 4099 parasitis
756 4012 984 4079 vetustioribus
1005 4011 1086 4079 liber
1107 4033 1172 4079 non
1193 4012 1236 4078 sit
1328 4101 1333 4105 ι
