2750 4575
617 206 656 266 25

26 398 121 457 tur.
171 392 341 459 Paullatim
363 415 446 472 vere,
470 415 542 459 cum
565 400 656 459 vetus
676 394 788 477 religio
810 396 912 480 magis
934 397 1100 480 magisque
1123 397 1210 461 laba-

24 501 118 575 ret,
146 495 244 578 hujus
264 497 432 562 ministerii
448 516 574 580 quoque
590 498 746 561 sanctitas
761 497 991 582 negligebatur.
1035 497 1211 564 Manebant

26 603 173 662 autem
204 600 363 679 convivia,
395 599 571 664 manebant
600 600 759 664 coirvivae.
804 600 907 664 Desiit
932 601 1068 666 fortasse
1090 603 1209 666 vicissi-

25 700 141 766 tudo
174 703 291 786 quique
323 702 419 766 semel
448 701 593 766 homines
623 702 736 766 divites
766 708 863 786 atque
893 703 1042 768 desidiosi
1072 704 1105 768 in
1131 705 1208 769 illud

30 792 269 869 couvivarum
291 804 456 887 collegium
481 810 574 868 erant
597 805 738 887 recepti,
776 805 861 869 hunc
883 813 1074 870 conventum
1097 811 1209 889 postea

31 929 127 971 non
150 908 361 991 reliquerunt.
406 906 458 970 Sic
479 906 603 970 indoles
625 927 663 971 ea
686 906 879 972 urbanitatis
909 908 1001 991 quasi
1030 907 1209 973 hereditate

33 1010 97 1075 ad
135 1030 210 1075 eum
241 1011 389 1088 transiit,
426 1010 481 1092 qui
510 1029 621 1073 recens
651 1009 769 1073 sodalis
796 1015 974 1074 ceterorum
1004 1010 1208 1075 hauddubie

31 1112 269 1197 cooptatioue
297 1111 521 1195 recipiebatur.
566 1111 609 1176 Ut
638 1133 713 1176 vero
744 1133 783 1176 ue
814 1118 904 1176 vetus
933 1113 1062 1194 quidem
1091 1134 1208 1177 nomeu

35 1221 256 1293 remaneret,
280 1214 387 1279 odium
411 1214 445 1277 ni
467 1212 560 1279 fallor
582 1213 696 1293 effecit,
719 1215 804 1298 quod
827 1214 901 1278 huic
923 1216 1045 1279 nomini
1068 1237 1108 1280 ex
1130 1215 1209 1279 alio·

36 1340 136 1383 rum
167 1317 349 1381 comoediae
378 1317 622 1399 cotidianaeque
653 1317 736 1380 vitae
764 1317 978 1400 parasitorum
1008 1338 1122 1400 genere
1152 1317 1209 1382 ad-

40 1420 230 1486 haerebat.
276 1419 323 1484 De
345 1440 477 1483 numero
499 1419 558 1484 LX
579 1418 673 1483 valde
696 1419 817 1497 dubito,
840 1420 919 1501 quin
940 1419 1025 1483 idem
1041 1418 1139 1485 fuerit
1154 1441 1210 1485 an-

42 1524 230 1607 tiquorum
251 1522 285 1586 iu
309 1521 491 1604 Cynosarge
514 1521 749 1604 parasitorum,
786 1522 903 1605 quippe
926 1521 981 1604 qui
1003 1521 1120 1587 nimius
1142 1543 1210 1587 esse

44 1626 229 1703 videatur,
261 1624 317 1689 sed
338 1624 394 1688 ubi
414 1624 555 1707 primum
576 1628 701 1688 veteres
723 1624 808 1707 leges
829 1624 1103 1707 negligicoeptae
1125 1632 1209 1704 sunt,

44 1728 106 1793 nil
140 1726 328 1812 prohibuit,
366 1726 536 1810 quominus
566 1727 670 1790 nescio
700 1748 798 1809 quam
828 1726 868 1791 ob
897 1747 1028 1791 causam
1056 1748 1210 1792 numerus

43 1836 247 1915 augeretur.
304 1830 453 1894 Fortasse
482 1828 649 1892 duodecim
679 1829 755 1893 olim
783 1828 931 1893 Herculis
962 1830 995 1893 in
1026 1829 1208 1913 Cynosarge

46 1938 160 2000 erant
180 1932 326 2017 parasiti,
349 1937 427 2014 quot
448 1931 483 1995 in
507 1929 579 1994 aliis
602 1930 749 1995 Herculis
772 1932 900 2012 templis
922 1936 1024 1996 erant.
1051 1968 1085 1978 -
1120 1931 1209 1998 Jam-

47 2058 124 2122 que
147 2035 184 2099 hi
204 2035 267 2118 ipsi
288 2033 367 2097 mihi
389 2031 551 2097 tractandi
573 2040 657 2105 sunt,
681 2033 720 2097 de
743 2033 858 2116 quibus
881 2034 998 2098 certius
1020 2033 1128 2118 aliquo
1143 2055 1209 2099 mo·

47 2141 98 2206 do
126 2142 236 2222 potest
254 2136 408 2222 judicari,
443 2129 638 2220 quamquam
661 2136 873 2201 omittendum
897 2157 960 2201 non
984 2142 1048 2214 est,
1078 2157 1140 2200 uon
1162 2136 1210 2200 hi-

48 2241 219 2309 storicum
242 2239 399 2324 quendam
424 2237 479 2303 sed
502 2239 658 2303 comicum
679 2259 757 2323 prae
781 2239 894 2304 ceteris
917 2239 1024 2303 decis
1047 2243 1210 2304 auctorem

50 2366 143 2412 esse.
210 2343 326 2407 Exstat
353 2343 436 2406 enim
469 2341 554 2426 apud
583 2341 782 2406 Athenaeum
803 2347 827 2422 ¹)
862 2342 995 2407 Diodori
1026 2341 1212 2426 Sinopensis

50 2451 298 2531 fragmentum,
321 2466 384 2527 quo
405 2448 502 2528 poeta
523 2446 741 2528 parasitorum
763 2445 918 2527 originem
939 2443 1079 2509 nobilem
1101 2444 1210 2508 multis

52 2551 171 2618 verbis
190 2548 313 2612 laudat.
360 2547 445 2611 Dicit
466 2547 565 2629 igitur
587 2548 736 2630 primum,
758 2548 869 2613 Jovem
892 2548 995 2631 ipsum
1018 2546 1210 2630 parasiticae

54 2655 145 2720 artis
167 2652 265 2716 fuisse
286 2652 494 2727 inventorem
517 2656 586 2713 tum
609 2650 714 2733 pergit
735 2653 780 2732 (v.
798 2653 834 2712 21
854 2649 932 2733 sq.):

196 2749 249 2819 ὅτι
270 2745 300 2817 d'
320 2742 418 2839 ἦντὸ
442 2746 564 2837 πρᾶγμ’
587 2747 719 2834 ἔνδοξον
739 2744 791 2816 olel
813 2748 868 2816 καί
889 2746 989 2816 καλόν

197 2854 326 2920 ἐκεῖθεν
348 2846 387 2918 ἂν
407 2849 497 2940 γνοίη
519 2876 570 2931 τις
592 2850 641 2919 έτι
665 2853 867 2940 σαφέστερον

195 2955 253 3023 τὸν
272 2951 468 3043 Ἡρακλέα
489 2960 620 3038 τιμῶσα
642 2957 803 3043 λαμπρῶς
823 2951 842 3043 ἦ
866 2952 967 3034 πόλις

169 3144 173 3151 .
196 3058 231 3125 έν
252 3054 380 3124 ἅπασι
401 3061 491 3135 τοῖς
512 3054 656 3144 δήμοις
677 3055 800 3136 θυσίας
822 3059 1003 3145 ποιουμένη

196 3157 323 3240 εἰςτὰς
344 3157 468 3238 θυσίας
488 3157 610 3237 ταύτας
632 3155 886 3244 παρασίτους
906 3164 954 3245 τῷ
976 3164 1047 3246 deq*

196 3256 400 3330 odndnov'
422 3256 718 3350 ἀπεκλήρωσεν,
742 3255 818 3328 οὐδὲ
840 3260 1026 3348 παρέλαβεν

193 3362 241 3444 είς
261 3369 365 3431 ταῦτα
385 3362 463 3443 τούς
483 3361 647 3446 τυχόντας,
671 3358 755 3430 α’λλὰ
776 3363 957 3450 κατέλεγεν»

193 3467 229 3535 ἐκ
250 3474 316 3533 τῶν
338 3467 485 3533 πολιτῶν
508 3461 640 3533 δῶὸειί
663 3460 784 3554 ἄνδρας
805 3465 972 3550 ἐπιμελῶς

194 3568 386 3657 ἐκλεξαμένη
407 3567 484 3648 τοὺς
505 3568 541 3635 ἐκ
565 3564 612 3635 dv'
634 3562 743 3636 ἀστῶν
761 3574 787 3649 2)
811 3567 983 3655 γεγονότας

135 3827 144 3867 ¹
192 3825 231 3878 VI
270 3828 345 3879 .239
363 3825 394 3880 B.
411 3825 444 3878 F.

130 3827 156 3976 λλ
192 3842 278 3967 acolt
303 3916 371 3967 orat.
397 3914 431 3967 de
455 3916 515 3966 arte
539 3912 684 3982 interpret.
704 3917 755 3967 cet.
780 3932 807 3982 p.
827 3916 869 3968 61.
893 3929 988 3966 veram
1006 3911 1152 3965 lectionem
1172 3908 1209 3961 δι’

59 4000 154 4055 ἀστῶν
176 4017 227 4069 pro
254 4000 380 4054 codicum
403 3997 545 4052 δυναστῶν
567 4002 612 4054 vel
636 4000 763 4052 ὃυαστῶν
779 4001 918 4054 levissima
936 4001 1089 4053 mutatione
1107 4000 1210 4069 optime

60 4089 195 4144 restituit.
