2750 4575
721 124 761 182 46

169 303 382 397 Δημοχάρους
404 303 602 396 Γαργήττιος
624 311 658 393 ¹).
703 308 905 392 Quamquam
927 311 1097 394 praecipue
1119 331 1159 373 ex
1182 308 1319 372 dona-to

169 432 241 477 rum
256 411 446 490 nominibus,
470 413 588 495 quippe
604 432 686 494 quae
703 433 765 474 non
782 412 888 475 omnia
903 421 1092 476 enumerata
1107 413 1181 489 siut,
1205 419 1319 494 aperte

169 514 395 597 intelligimus,
418 514 502 577 hanc
523 515 764 598 inscriptionem
788 515 944 595 integram
969 535 1030 578 nou
1054 536 1122 577 esse
1145 522 1318 589 servatam,

170 617 332 700 permulta
354 624 461 680 tamen
485 637 525 681 ea
549 616 708 680 doeemur.
753 617 785 680 Si
809 618 894 680 enim
917 637 1148 700 comparamus
1172 636 1256 699 quae
1281 616 1318 678 de

171 718 423 784 Acharnensium
460 719 610 801 parasitis
640 718 884 804 disputavimus,
913 719 1065 783 Pallenae
1087 739 1215 802 quoque
1238 725 1317 780 tem-

170 823 259 908 plum
282 827 354 885 erat
375 820 497 884 scilieet
519 819 682 885 Minervae
705 827 756 900 (ut
778 821 936 885 Acbarnis
960 820 1130 904 Apollinis)
1160 821 1202 885 ad
1231 820 1317 904 quod

171 924 266 989 vicini
288 924 362 1007 pagi
384 922 602 1006 pertinebant,
627 933 715 1002 (uam
738 922 910 1006 Gargettus
932 944 1034 1007 pagus
1051 926 1079 999 ²)
1102 931 1204 1002 certo,
1229 922 1317 986 Pith-

171 1026 247 1091 thus
263 1027 314 1110 ³),
352 1046 424 1089 cum
454 1026 535 1089 situs
557 1025 627 1108 ejus
649 1031 745 1090 notus
767 1047 831 1090 non
854 1028 905 1103 sit,
929 1026 1143 1090 verisimiliter
1164 1025 1316 1090 Pallenae

172 1135 242 1195 erat
263 1128 400 1206 ricinus)
430 1127 478 1191 ita
506 1133 543 1191 ut
572 1148 697 1192 sacrum
721 1127 832 1193 foedus
846 1129 896 1193 'ad
919 1150 1011 1193 sacra
1033 1128 1247 1214 communiter
1270 1149 1316 1192 ce

171 1230 328 1297 lebranda
348 1231 478 1294 inirent.
525 1229 608 1293 Huic
630 1231 774 1295 societati
796 1241 946 1314 praeerat
961 1230 1091 1308 archon,
1114 1231 1209 1295 electi
1224 1237 1317 1294 erant

171 1333 316 1420 parasiti,
339 1333 393 1416 qui
416 1353 488 1396 curn
511 1331 665 1398 archonte
688 1354 780 1398 sacra
802 1340 962 1397 curarent.
1008 1332 1100 1412 Quod
1115 1354 1189 1397 vero
1206 1334 1240 1397 in
1259 1332 1316 1396 hac

171 1436 381 1520 inscriptione
408 1434 447 1499 de
476 1434 693 1518 compluribus
716 1457 819 1500 sermo
841 1442 891 1500 est
912 1435 1120 1500 archontibus
1144 1480 1179 1488 -
1206 1457 1316 1519 quarn-

173 1541 221 1605 vis
243 1539 373 1604 nomina
395 1558 505 1602 eorum
528 1558 590 1601 non
614 1535 800 1616 offerantur,
823 1544 860 1602 ut
882 1538 1038 1621 suspicari
1061 1537 1197 1602 fortasse
1219 1539 1317 1621 possi·

173 1641 253 1722 mus,
275 1641 410 1726 pluralis
432 1639 568 1703 sormam
589 1645 675 1703 recte
698 1662 760 1705 non
784 1639 901 1704 habere
924 1677 966 1687 -
988 1639 1153 1705 offensioni
1170 1660 1238 1704 esse
1256 1662 1317 1705 non

174 1751 289 1830 potest,
313 1765 388 1808 nam
410 1740 573 1806 archontis
595 1763 710 1807 nornen
733 1750 799 1805 tam
825 1743 973 1826 generale
990 1750 1044 1807 est
1059 1750 1096 1807 ut
1110 1751 1240 1829 praeter
1257 1744 1318 1827 pri-

174 1869 262 1912 mum
284 1846 439 1930 cujusque
461 1845 624 1909 societatis
646 1844 842 1921 archontem,
866 1847 991 1909 aerario
1014 1866 1140 1930 quoque
1163 1846 1319 1930 praefecti

175 1951 294 2034 aliique
322 1948 530 2031 magistratus
559 1947 620 2011 hoc
648 1946 776 2011 nomine
799 1949 904 2011 vocari
925 1949 1058 2031 possint.
1103 1950 1199 2013 Haud
1224 1949 1318 2012 dubie

173 2052 281 2137 plures
304 2051 439 2135 parasiti
461 2054 570 2124 erant,
601 2070 696 2132 quarn
720 2049 772 2113 hic
794 2052 1002 2115 nominantur
1025 2059 1089 2115 tres
1110 2051 1162 2115 vel
1184 2051 1226 2115 ob
1248 2071 1318 2114 eam

174 2175 319 2231 causam,
355 2154 430 2236 quia
452 2151 609 2236 Gargettii
632 2151 696 2216 duo
718 2151 944 2232 inveniantur,
983 2153 1180 2217 Pallenensis
1202 2152 1319 2217 nullus,

175 2256 239 2324 Sed
267 2277 340 2321 curn
369 2254 516 2320 Themiso
545 2254 631 2319 locos
660 2254 756 2320 modo
787 2256 935 2338 colligere
964 2255 1076 2337 vellet,
1115 2256 1232 2341 quibus
1262 2278 1322 2321 vox

175 2355 361 2446 παράσιτος
382 2359 555 2421 vetustiore
577 2378 670 2422 sensu
694 2364 850 2441 usurpata
872 2367 970 2437 esset,
992 2360 1235 2444 inscriptionem
1261 2382 1321 2424 non

176 2463 344 2546 descripsit
374 2468 486 2525 totam.
532 2461 651 2525 Eadem
676 2461 715 2524 de
738 2481 835 2525 causa
857 2462 1047 2526 archontum
1071 2484 1197 2546 quoqne
1221 2463 1323 2526 nomi-

176 2587 227 2645 na,
251 2565 382 2649 quaein
398 2564 493 2628 titulo
510 2565 578 2647 ipso
601 2585 665 2628 non
689 2563 832 2643 deerant,
857 2566 973 2629 omisit.
1018 2566 1222 2630 Mirabantur
1245 2587 1322 2630 non-

177 2669 258 2733 nulli
289 2669 500 2750 interpreteS,
538 2665 623 2750 qnod
653 2667 694 2730 ad
717 2672 843 2749 tempus
866 2668 1081 2731 anathematis
1103 2665 1321 2732 definiendum

177 2793 242 2837 non
261 2770 356 2835 modo
383 2768 502 2891 archon
530 2790 706 2853 eponymus
728 2770 953 2849 AtheniensiS,
991 2770 1166 2834 sacerdotis
1195 2793 1322 2854 quoque

250 3043 271 3111 ¹)
306 3041 377 3095 Dedi
394 3043 484 3094 totum
501 3041 575 3094 huno
593 3042 684 3094 locum
703 3058 758 3093 non
777 3040 929 3093 secundnm
949 3040 1074 3092 codicum
1094 3037 1258 3108 lectionem,
1279 3040 1322 3092 sed

177 3132 270 3198 talem,
290 3130 379 3199 qualia
399 3147 415 3181 a
431 3130 619 3198 compluribus
637 3129 704 3182 viris
724 3129 828 3195 doctis,
848 3127 894 3196 qui
912 3127 982 3180 alius
1000 3130 1064 3196 post
1083 3126 1166 3179 alium
1187 3145 1252 3180 enm
1271 3134 1324 3181 tra·

178 3221 323 3273 ctavernnt
341 3217 461 3286 denique
478 3223 554 3270 recte
571 3216 719 3269 restitutus
738 3234 796 3269 esse
813 3216 931 3269 videtur.
968 3214 1003 3267 cf.
1021 3214 1148 3267 Meineke
1167 3214 1271 3268 Athen.
1289 3216 1323 3270 IV

177 3326 204 3377 p.
225 3311 284 3361 100.
321 3304 400 3371 Quod
424 3306 522 3373 scripsi
548 3306 578 3357 ἐν
602 3303 633 3357 δὲ
657 3302 839 3368 Παλληνίδος
861 3302 1029 3356 Meinekinm
1051 3319 1107 3355 non
1125 3307 1237 3355 secutus
1257 3322 1323 3369 sum,

178 3394 252 3464 quod
276 3392 440 3447 vocabulum
462 3393 601 3456 Παλληνίς
625 3391 660 3444 de
683 3392 787 3458 templo
809 3392 855 3443 vel
880 3407 957 3444 sacro
981 3390 1100 3458 quodam
1125 3390 1187 3443 loco
1205 3392 1323 3460 intelligi

178 3499 259 3551 posse
277 3497 331 3534 non
351 3481 445 3547 credo,
472 3496 652 3547 quamquam,
679 3479 754 3546 quod
772 3479 924 3533 Meinekius
943 3496 998 3530 non
1019 3478 1176 3540 adnotavit,
1196 3477 1243 3533 hic
1262 3496 1324 3533 usus

179 3569 214 3623 ab
231 3566 369 3635 Hesychio
387 3584 412 3620 v.
432 3569 575 3634 παρθένου
592 3565 779 3631 Παλληνίδος
805 3566 875 3636 (ἔστι
894 3563 948 3637 γὰρ
966 3563 1040 3636 ἱερὸν
1052 3563 1169 3630 Ἀθηνᾶς
1187 3567 1218 3619 ἐν
1236 3571 1270 3618 Π
1273 3588 1290 3619 α
1297 3570 1324 3619 λ-

179 3654 279 3721 ληνίιλ
286 3655 310 3724 ι)
336 3655 511 3722 comprobari
534 3656 652 3708 videtur.
688 3655 743 3708 Sed
764 3654 895 3722 Hesychii
918 3654 1004 3707 verba
1026 3659 1156 3721 corrupta
1181 3671 1242 3709 esse
1268 3675 1324 3725 per·

180 3761 290 3798 onasum
310 3744 407 3796 habco.
431 3773 456 3781 ο
490 3743 636 3796 Praeterea
654 3743 808 3796 Meinehius
828 3743 943 3811 adjectis
961 3742 1079 3794 hamulis
1097 3741 1249 3812 indicavit,
1269 3763 1324 3798 rer·

181 3834 217 3887 ba
234 3833 298 3886 inde
317 3849 332 3884 a
350 3849 415 3886 voce
435 3827 584 3900 παράσιτοι
603 3848 689 3898 usque
708 3829 843 3884 adfinem
862 3832 976 3883 alterius
995 3847 1053 3882 esse
1071 3829 1276 3897 inscripsionis.

250 3922 273 3989 2)
309 3920 345 3974 ef.
363 3921 432 3974 Roas
450 3919 554 3972 Demen
572 3937 599 3987 p.
613 3922 655 3973 35.

250 4008 273 4078 3)
308 4009 346 4063 id.
365 4027 391 4076 p.
410 4009 452 4062 91.
