2750 4575
649 221 690 281 24

96 403 131 472 ἐν
153 405 189 473 δὲ
212 400 343 485 τούτοις
365 397 446 495 ἦσαν
468 408 687 491 Καλλιμέδων
710 402 728 473 δ
750 402 908 493 Κάραβος
929 405 985 473 καὶ
1007 407 1159 493 Δεινίας,
1192 407 1244 477 ἔτι

97 507 134 576 δὲ
156 504 389 594 Μνασιγείτων
410 508 466 575 καὶ
488 509 696 593 Μέναιχμος,
731 506 776 588 ὥς
797 532 879 598 φησι
903 509 1107 600 Ίλγλεφάνης,
1143 513 1176 580 ἕν
1196 517 1243 599 τιῖ

97 608 176 699 περὶ
198 614 257 676 τοῦ
277 603 412 692 δστεος
444 608 587 701 τοσαύτη
617 607 646 678 δ
668 606 776 678 αὐτῶν
803 611 882 694 δόξα
903 618 963 700 τῆς
985 612 1152 700 ῥαθυμίας
1174 614 1244 702 ἐγέ-

97 736 189 796 νετο,
235 708 281 792 ὥς
305 712 362 780 καὶ
392 709 568 781 Φίλιππον
597 709 783 780 α’κοδσαντα
811 712 868 780 τὸν
898 713 1079 782 Μακεδόνα
1107 717 1245 804 πέμψαι

97 811 211 895 αδτοῖς
231 813 401 896 τάλαντον,
424 809 466 882 ἵν’
488 814 725 905 ε’γγραφόμενοι
746 815 789 882 τὰ
811 818 923 901 γελοῖα
944 817 1126 902 πέμπωσιν
1147 814 1245 906 αὐτῷ.

98 922 141 986 At
163 927 300 1004 utroque
322 920 391 985 loco
414 922 550 1004 parasiti
577 943 640 986 non
663 926 974 1001 commemorantur,
1012 943 1114 1006 neque
1137 922 1246 987 Goett

96 1023 215 1107 lingius
233 1026 258 1101 ¹)
288 1020 346 1087 hos
377 1022 434 1087 LX
464 1021 609 1088 homines
638 1023 791 1088 ridiculos
822 1043 894 1087 cum
923 1024 1076 1106 parasitis
1104 1023 1249 1107 antiquis

96 1125 269 1191 cohaerere
292 1124 379 1189 dicit.
425 1125 459 1189 Si
481 1146 555 1190 vero
578 1126 749 1205 sumimus,
784 1125 870 1208 quod
892 1125 932 1190 ab
955 1148 990 1190 re
1013 1147 1077 1191 non
1099 1133 1149 1191 est
1170 1127 1250 1192 alie

97 1249 184 1306 num,
206 1228 367 1313 parasitos
389 1226 538 1292 Herculis
559 1227 592 1291 in
618 1226 801 1310 Cynosarge
824 1227 941 1292 cotidie
962 1229 995 1293 in
1011 1230 1131 1312 templo
1146 1230 1196 1294 vel
1215 1230 1251 1294 in

100 1328 247 1394 aedificio
270 1328 410 1414 quodam
434 1349 524 1394 sacro
553 1331 757 1410 coenavisse,
794 1328 904 1412 aliqua
933 1332 1150 1414 parasitorum
1177 1354 1253 1396 cum

98 1431 156 1497 LX
176 1431 295 1496 scurris
317 1432 502 1515 conjunctio
524 1453 557 1496 se
579 1431 723 1516 praebet.
760 1433 860 1496 Estne
875 1437 984 1496 autem
1000 1433 1161 1513 credibile,
1185 1457 1251 1499 non

98 1534 192 1598 modo
215 1532 349 1617 singulis
372 1533 534 1598 mensibus
556 1534 688 1611 Herculi
711 1554 779 1599 esse
803 1533 1028 1614 sacrificatum,
1054 1537 1109 1600 sed
1131 1537 1252 1602 cotidie

98 1641 268 1721 praeterea
291 1656 425 1700 coenam
447 1637 477 1701 ei
499 1656 568 1700 esse
596 1637 806 1716 instructam,
845 1636 937 1718 cujus
965 1638 1119 1721 parasiti,
1157 1640 1253 1721 quasi

98 1737 246 1803 Herculis
261 1737 362 1822 ipsius
378 1738 513 1818 sodales,
535 1739 710 1823 participes
725 1738 869 1803 suerint?
885 1740 923 1822 2).
962 1738 1145 1804 Certissime
1162 1762 1252 1805 men-

98 1846 190 1906 strua
211 1861 303 1906 sacra
326 1861 390 1905 una
413 1861 487 1905 cum
510 1838 729 1905 sacerdotibus
752 1841 798 1905 eis
820 1846 914 1904 erant
935 1840 1142 1921 celebranda,
1166 1865 1252 1927 quae

99 1934 279 2008 convivium
304 1941 500 2026 sequebatur
522 1943 613 2025 cujus
634 1944 771 2026 parasiti
794 1948 943 2027 prototo
967 1963 1088 2023 eorum,
1111 1946 1167 2028 qui
1190 1946 1253 2030 Cy-

101 2047 228 2130 nosargi
250 2045 406 2129 adscripti
429 2051 539 2125 erant,
561 2051 720 2109 conventu
743 2047 933 2110 intererant.
978 2045 1061 2109 Nam
1085 2047 1124 2111 de
1147 2048 1252 2130 epulis

100 2147 243 2213 omnium
273 2147 447 2213 nothorum
478 2168 638 2229 nusquam
668 2148 845 2230 quidquam
872 2147 1043 2212 invenitur.
1090 2149 1195 2228 Quare
1217 2151 1252 2214 in

98 2251 284 2316 universum
308 2249 459 2332 dixerim,
482 2270 554 2315 cum
577 2250 730 2314 interesse
753 2250 852 2315 sacris
875 2248 920 2315 nil
942 2249 1031 2314 aliud
1052 2250 1095 2316 sit
1118 2272 1155 2316 ac
1177 2273 1252 2318 con-

100 2353 176 2418 virii
198 2354 282 2418 sacri
303 2352 375 2417 fieri
396 2353 595 2437 participem,
619 2374 755 2437 cumque
780 2374 846 2417 non
861 2357 985 2418 constet
1001 2373 1042 2416 ne
1057 2354 1253 2419 credendum

102 2456 230 2540 quidem
253 2456 312 2535 sit,
343 2454 475 2539 singulis
498 2455 678 2533 mensibuS,
706 2455 887 2538 quicunque
909 2454 952 2517 ad
976 2454 1129 2538 templum
1152 2458 1253 2541 quod·

101 2557 175 2622 dam
199 2557 424 2643 pertinebant,
462 2558 627 2621 universos
649 2557 683 2620 in
705 2557 825 2641 templo
854 2557 1056 2635 coenavisse,
1092 2560 1253 2641 parasitos

100 2660 179 2726 mihi
201 2660 303 2725 videri
326 2666 451 2725 creatos
473 2680 554 2738 esse,
588 2660 643 2743 qui
666 2660 864 2742 reliquorum
887 2660 979 2744 quasi
1000 2665 1109 2723 essent
1130 2661 1251 2739 vicarii,

103 2764 157 2847 qui
187 2784 245 2848 pro
275 2767 343 2829 toto
373 2767 532 2827 conventu
560 2761 663 2844 epulis
692 2763 886 2827 interessent
915 2763 1024 2827 sacris.
1075 2762 1138 2827 Sed
1166 2763 1251 2826 infra

105 2865 171 2931 alia
191 2865 288 2949 hujus
310 2865 489 2931 sententiae
511 2863 657 2928 adferam
679 2864 872 2929 testimonia.
898 2903 935 2912 -
961 2865 994 2930 si
1017 2886 1037 2928 a
1060 2867 1173 2929 ceteris
1194 2885 1250 2948 pa-

105 2969 213 3034 rasitis
236 2969 275 3034 de
298 2968 348 3032 his
370 2965 604 3032 conclusionem
628 2965 785 3030 faciamus
805 2967 901 3047 licet,
939 2966 1132 3032 creabantur
1158 2973 1249 3050 quot-

105 3070 199 3136 annis
220 3070 365 3155 parasiti,
389 3090 471 3154 quac
493 3069 677 3134 vicissitudo
701 3090 810 3133 annua
831 3069 864 3133 in
888 3069 957 3152 lege
980 3069 1105 3134 Solonis
1126 3070 1245 3135 verbis:

107 3167 165 3239 τὸν
185 3165 214 3237 δ’
236 3165 336 3238 αὐτὸν
357 3167 416 3238 οδκ
438 3168 477 3260 ἑᾷ
499 3174 670 3237 σιτεῖσθαι
693 3166 855 3248 πολλάκις
884 3171 992 3255 aliquo
1019 3173 1113 3237 modo
1135 3173 1248 3257 proba-

166 3404 187 3473 1)
222 3403 279 3458 l.1
297 3419 324 3471 p
345 3404 388 3455 33.

164 3492 186 3561 ²)
222 3490 257 3546 cf.
274 3489 377 3543 Polem
396 3504 440 3555 ap.
456 3485 558 3541 Athen.
576 3486 660 3555 VIp.
680 3486 790 3542 234D.'
802 3482 879 3558 παρὰ
890 3429 933 3539 δέ
948 3490 1006 3543 τοῖς
1023 3482 1150 3558 ἄρχαίοις
1167 3484 1243 3558 εὑρί-

102 3593 206 3651 σκομεν
231 3573 281 3630 τὸν
304 3570 460 3647 παρασιτον
483 3569 558 3645 lepris
580 3592 607 3625 τι
629 3576 727 3645 χρῆμα
750 3575 796 3626 καὶ
819 3578 858 3642 τῷ
881 3578 1060 3642 συνθοίνῳ
1084 3571 1248 3646 παρόμοιον.

100 3665 270 3722 Fritzsohius
298 3665 343 3733 (de
367 3662 475 3716 Daetal.
499 3662 640 3731 Aristoph.
666 3667 813 3717 comment.
835 3662 910 3731 Lips.
931 3662 1108 3732 lempst)
1131 3664 1249 3733 putavit,

99 3753 295 3825 Aristophanis
315 3750 460 3807 δαιταλέας
477 3750 614 3819 parasitos
633 3768 693 3805 esse
710 3751 739 3805 in
756 3751 912 3821 Cynosarge
929 3752 1080 3820 institutos,
1099 3768 1181 3818 quam
1193 3752 1250 3821 opi-

98 3843 209 3898 nionem
226 3839 381 3895 Meinelrius
399 3840 478 3907 (com.
498 3838 593 3892 Graec.
611 3838 683 3908 frag
701 3840 781 3906 11‚a
801 3856 828 3906 p.
841 3840 920 3906 1023)
939 3839 1043 3907 optime
1060 3838 1179 3907 refutat,
1203 3840 1252 3908 qui

100 3931 182 3998 dicit,
211 3928 318 3999 spurios
341 3927 525 3982 Athenienses
549 3926 631 3995 hujus
657 3927 815 3980 comoediae
841 3928 969 3980 instituto
997 3944 1053 3980 non
1080 3927 1249 3981 convenisse

98 4019 226 4073 Ceterum
250 4017 300 4071 hos
324 4013 467 4072 δαιταλέας
491 4015 602 4068 eosdem
627 4031 686 4067 esse
711 4030 744 4068 ec
762 4015 882 4083 reliquos
900 4015 935 4067 dc
953 4014 1052 4082 quibus
1071 3993 1176 4068 dicam
1180 4014 1249 4068 Her·

98 4105 168 4159 culis
185 4104 335 4173 parasitos,
355 4119 461 4156 summo
477 4102 540 4171 jare
558 4102 725 4156 contendere
743 4101 821 4155 videt
821 4119 862 4154 ur
