2750 4575
609 210 648 272 13

10 424 13 457 ι
52 401 178 487 epulari
200 419 273 466 cum
296 396 405 480 aliquo
424 398 474 485 ¹),
511 415 548 461 ac
579 394 669 460 nullo
698 395 794 460 modo
823 395 863 460 de
885 397 1036 480 parasitis
1057 401 1107 462 ost
1127 416 1200 482 pro·

9 521 12 561 ι
53 505 181 591 prium,
217 520 320 586 quare
347 499 409 564 huc
438 499 539 563 unum
560 497 608 563 nil
629 497 746 581 probat
767 497 895 582 aliaque
918 500 1104 583 quaerenda
1124 503 1201 565 sunt

9 625 12 664 ἑ
53 605 251 675 testimonia.
294 602 362 667 Lex
382 601 512 685 quidem
535 599 661 665 Solonis
682 600 811 681 eadem,
845 608 1000 684 quantum
1025 603 1104 684 scio,
1134 602 1199 668 alio

8 752 9 763 .
53 730 121 785 non
146 706 284 773 occurrit
305 705 390 784 loco,
421 703 478 769 sed
501 703 536 767 ni
557 702 654 768 fallor
673 701 852 786 psephisma
874 703 1075 795 Alcibiadis,
1114 704 1200 789 quod

55 808 242 876 Athenaeus
258 810 286 891 2)
308 806 405 872 affert
423 812 554 871 anctore
569 805 750 885 Polemone,
772 826 845 870 cnm
869 813 981 871 nostra
1001 806 1081 890 lege,
1102 827 1200 891 quam

56 913 98 978 ab
121 910 377 995 Atthidographo
400 907 540 992 quodam
563 906 698 972 sortasse
721 908 876 972 desumsit
897 908 1102 989 Plutarchus,
1129 914 1201 993 pot·

54 1020 105 1079 est
125 1013 315 1097 comparari,
337 1012 385 1076 ita
407 1016 444 1075 ut
465 1009 549 1074 alter
570 1008 611 1075 ab
634 1008 737 1073 altero
759 1009 848 1075 locus
870 1009 978 1075 lumen
994 1010 1142 1095 accipiat.
1157 1047 1200 1061 -

56 1117 260 1199 Quamquam
283 1136 323 1179 ex
345 1111 502 1177 Athenaei
525 1111 629 1176 verbis
657 1133 724 1177 non
746 1113 926 1178 necessario
948 1113 1201 1180 concludendum

56 1223 122 1297 est,
143 1237 213 1282 esse
234 1216 317 1282 illud
338 1214 522 1301 psephisma
542 1234 583 1278 ex
605 1213 785 1280 Polemonis
806 1215 889 1281 libro
910 1216 1065 1301 petitum,
1091 1221 1201 1281 tamen

55 1319 233 1386 Prellerum
256 1325 354 1401 atque
375 1315 571 1383 Meinekium
593 1321 679 1381 recte
698 1315 860 1400 judicasse
881 1340 1009 1398 censeo,
1032 1319 1088 1402 qui
1109 1319 1201 1384 Pole-

54 1424 167 1500 moni,
189 1442 273 1507 qnae
294 1420 445 1503 leguntur
466 1418 552 1502 apud
575 1417 775 1483 Athenaeum
798 1443 830 1505 p.
847 1425 910 1486 234
926 1421 1059 1486 D-235
1075 1421 1121 1501 E,
1142 1420 1200 1485 tri·

55 1524 163 1589 buant
182 1524 231 1588 ita
252 1528 289 1587 ut
309 1541 412 1606 pauca
432 1520 527 1585 modo
550 1520 590 1585 ab
606 1520 772 1587 Athenaeo
794 1523 984 1608 interposita
1005 1523 1071 1588 sint
1091 1523 1199 1590 verba.

55 1624 239 1691 Polemonis
260 1644 334 1689 vero
355 1622 542 1687 auctoritati
564 1621 772 1688 diffidendum
794 1632 949 1706 nonest,
986 1646 1081 1710 quem
1103 1645 1200 1710 quam

55 1727 295 1793 accuratissime
324 1747 405 1810 quas
433 1726 466 1790 in
494 1724 593 1789 libros
620 1745 695 1790 snos
716 1727 838 1811 recepit
859 1726 946 1812 leges
967 1734 1000 1793 et
1020 1728 1202 1812 inscriptio·

55 1848 113 1894 nes
142 1848 160 1893 e
186 1828 331 1896 fontibus
360 1826 438 1917 ipsis
466 1826 610 1892 hausisse
640 1848 755 1912 nempe
782 1850 800 1894 e
830 1830 987 1896 columnis
1010 1830 1059 1895 vel
1081 1829 1201 1896 tabulis

57 1931 195 2016 lapideis
216 1930 420 2014 descripsisse
442 1934 577 2011 constat,
601 1951 698 2014 quam
722 1932 762 2007 ob
784 1952 857 2015 rein⁴
868 1953 1043 2018 cognomen
1066 1933 1096 1996 ei
1117 1931 1201 1998 indi·

57 2038 129 2098 tum
143 2038 192 2098 est
206 2028 429 2119 Στηλοκόιιας.
475 2031 549 2097 Alia
570 2037 620 2097 est
640 2054 679 2098 ea
701 2035 858 2118 quaestio,
881 2041 991 2101 utrum
1005 2035 1202 2119 excerpserit

55 2134 152 2203 modo
188 2123 374 2203 Athenaeus
410 2134 509 2201 verba
543 2135 726 2202 Polemonis
766 2157 808 2201 an
850 2138 979 2221 integra
1013 2138 1199 2204 reddiderit.

54 2236 244 2323 Psephisma
266 2238 352 2322 quod
377 2237 447 2322 jam
467 2239 640 2304 tractaturi
663 2259 774 2305 sumus
794 2240 954 2314 lacerasse
976 2262 1040 2310 non
1063 2241 1199 2307 videtur.

54 2341 164 2407 Verba
184 2340 364 2408 Polemonis
379 2343 408 2420 3)
431 2341 511 2404 haec
533 2347 624 2407 sunt:
654 2339 689 2407 ἐν
712 2338 916 2427 Κυνοσάργει
937 2346 998 2426 μὲν
1018 2333 1076 2408 οὖν
1097 2340 1133 2408 ἐν
1152 2346 1201 2430 τῷ

52 2437 236 2530 Ἡρακλείῳ
262 2438 364 2530 στήλη
392 2436 445 2520 τίς
472 2439 581 2524 ἔστιν,
618 2442 653 2508 ἐν
677 2435 699 2532 ᾗ
720 2440 882 2532 ψήφισμα
902 2443 963 2527 μὲν
976 2440 1199 2529 Ἀλκιβιάδου,

9 2590 22 2609 .
52 2540 261 2632 γραμματεύς
282 2544 318 2610 δὲ
340 2543 508 2632 Στέφανος
526 2542 736 2628 Θουκυδίδου,
759 2547 888 2632 λέγεται
909 2542 939 2613 δ’
954 2545 989 2613 ἐν
1010 2542 1101 2634 αὐτῷ
1121 2546 1202 2636 περὶ

54 2652 114 2734 τῆς
135 2642 358 2733 προσηγορίας
384 2648 443 2732 (sc.
467 2643 668 2734 παρασίτου)
698 2646 821 2727 οὕτως·
858 2647 905 2716 τὰ
937 2649 978 2716 δὲ
1006 2646 1202 2739 ἐπιμήνια

57 2748 190 2816 θυέτω
211 2745 230 2815 ὁ
252 2744 380 2835 ἱερεὺς
399 2746 500 2833 μετὰ
521 2755 598 2816 τῶν
620 2748 867 2837 παρασίτων.
904 2748 941 2818 oi
963 2751 1005 2819 δὲ
1026 2749 1202 2840 παράσι-

57 2873 121 2920 τοι
147 2846 316 2934 tornea)
346 2849 387 2919 ἐκ
415 2856 491 2919 τῶν
519 2849 653 2921 νόθων
679 2852 747 2920 καί
774 2859 852 2922 τῶν
872 2850 1021 2921 τούτων
1042 2851 1202 2922 παίδων

128 3120 150 3188 ¹)
186 3117 223 3173 cf.
245 3117 353 3172 Platon.
376 3116 482 3171 Laches
508 3135 536 3186 p.
555 3120 605 3172 179
624 3116 656 3171 C:
689 3120 875 3188 συσσιτοῦμιν
896 3114 951 3190 γὰρ
974 3115 1009 3184 δὴ
1034 3115 1089 3189 ἐγώ
1106 3136 1136 3174 τε
1154 3122 1202 3174 καὶ

57 3208 202 3271 Μελησίας
218 3200 275 3267 ὅδε,
292 3206 340 3257 καὶ
357 3201 424 3276 ἡμῖν
441 3200 476 3257 τὰ
490 3199 619 3277 μειράκια
637 3206 834 3272 παρασιτεῖ.

127 3294 151 3362 ²)
186 3293 269 3362 vlp.
288 3296 348 3349 134.
366 3292 399 3347 E.
416 3292 448 3346 F.

127 3380 151 3448 ³)
181 3379 287 3435 ‘Athen
305 3381 344 3437 IV
360 3397 388 3449 p.
407 3381 459 3436 234
476 3378 509 3432 Ε.

127 3467 151 3537 ⁴)
185 3468 266 3523 codd.
283 3464 331 3520 ἕνα
347 3470 411 3530 τῶν,
437 3467 511 3535 quod
529 3465 631 3520 Potitus
649 3467 724 3537 legg.
741 3466 800 3520 Att
819 3483 847 3537 p.
866 3467 917 3521 165
935 3464 1069 3521 defendit.
1104 3466 1201 3522 Sedsi

56 3556 125 3610 haec
142 3555 230 3611 verba
246 3557 397 3609 retinemus
414 3556 514 3609 lacuna
532 3556 679 3609 statuenda
696 3558 752 3623 est,
776 3554 850 3623 quod
867 3553 974 3608 Petitus
993 3555 1129 3610 coneedit.
1163 3554 1202 3610 At

55 3648 139 3714 putat
154 3643 238 3698 facile
256 3660 367 3698 sensum
385 3660 466 3713 posse
484 3642 547 3697 elici
565 3643 652 3697 hunc:
680 3642 797 3712 parasiti
819 3643 854 3696 de
876 3642 970 3697 nothis
988 3647 1038 3696 ant
1053 3643 1202 3697 not-horum

54 3733 151 3787 liberis
169 3750 257 3787 unum
274 3732 407 3802 eligunto.
446 3729 618 3784 Carantonus
638 3746 747 3799 qnoque
764 3728 809 3796 (cf.
828 3730 1050 3800 Schweighaeus.
1064 3730 1202 3790 animadv.

54 3821 85 3878 in
101 3820 206 3875 Athen.
223 3824 291 3875 tom.
308 3820 350 3875 III
367 3836 394 3889 p·
414 3820 476 3887 356)
500 3818 631 3872 lacunam
648 3819 827 3873 statuendam
845 3834 905 3871 esse
924 3818 1003 3886 dicit,
1032 3820 1061 3872 et
1078 3816 1203 3876 Pastoret

55 3909 183 3981 (histoire
207 3908 242 3962 de
265 3910 293 3962 la
314 3905 472 3977 legislation
492 3923 521 3975 p.
540 3906 602 3974 333)
628 3908 727 3960 vertit:
754 3906 796 3960 les
813 3905 947 3974 parasitos
964 3905 1118 3975 prendront
1135 3922 1203 3964 avec

55 4013 110 4052 eux
126 4015 165 4051 un
183 3996 285 4052 batard
301 3997 331 4050 et
345 4011 384 4050 un
400 3992 444 4049 fils
462 3994 497 4048 de
513 3993 624 4054 baiard.
660 3993 716 4060 Sed
732 3993 801 4047 mihi
818 3991 940 4044 Meierus
963 3993 1010 4062 (de
1027 3992 1107 4054 bonis
1125 3994 1202 4047 dam·

53 4087 187 4139 natorum
203 4101 230 4154 p.
244 4083 290 4154 ⁷5)
307 4099 402 4139 veram
419 4081 640 4138 emendationem
656 4081 806 4151 protulisse
817 4080 935 4148 videtur,
953 4081 1001 4149 qni
1017 4098 1069 4152 pro
1086 4078 1135 4134 aaa
1146 4085 1202 4134 τοῖν
