<?xml version="1.0" encoding="UTF-8"?>
<!DOCTYPE html PUBLIC "-//W3C//DTD XHTML 1.0 Transitional//EN"
    "http://www.w3.org/TR/xhtml1/DTD/xhtml1-transitional.dtd">
<html xmlns="http://www.w3.org/1999/xhtml" xml:lang="en" lang="en">
 <head>
  <title>
</title>
<meta http-equiv="Content-Type" content="text/html;charset=utf-8" />
  <meta name='ocr-system' content='tesseract 3.04.00' />
  <meta name='ocr-capabilities' content='ocr_page ocr_carea ocr_par ocr_line ocrx_word'/>
</head>
<body>
  <div class='ocr_page' id='page_1' title='image "./deparasitisapud00kampgoog_0039.png"; bbox 0 0 2750 4575; ppageno 0'>
   <div class='ocr_carea' id='block_1_1' title="bbox 731 196 770 255">
    <p class='ocr_par' dir='ltr' id='par_1_1' title="bbox 731 196 770 255">
     <span class='ocr_line' id='line_1_1' title="bbox 731 196 770 255; baseline 0 0"><span class='ocrx_word' id='word_1_1' title='bbox 731 196 770 255; x_wconf 84' lang='lat'>35</span> 
     </span>
    </p>
   </div>
   <div class='ocr_carea' id='block_1_2' title="bbox 168 377 1325 3340">
    <p class='ocr_par' dir='ltr' id='par_1_2' title="bbox 168 377 1325 3340">
     <span class='ocr_line' id='line_1_2' title="bbox 168 377 1323 472; baseline 0.002 -22"><span class='ocrx_word' id='word_1_2' title='bbox 168 378 297 472; x_wconf 75' lang='grc' dir='ltr'><em>Ἄρειος</em></span> <span class='ocrx_word' id='word_1_3' title='bbox 318 380 493 471; x_wconf 84' lang='grc' dir='ltr'><em>Δωρίωνος</em></span> <span class='ocrx_word' id='word_1_4' title='bbox 515 381 696 461; x_wconf 76' lang='grc' dir='ltr'><em>Παιανιεὺς</em></span> <span class='ocrx_word' id='word_1_5' title='bbox 716 380 836 449; x_wconf 78' lang='grc' dir='ltr'><em>τούσδε</em></span> <span class='ocrx_word' id='word_1_6' title='bbox 857 377 1041 469; x_wconf 69' lang='grc' dir='ltr'><em>ἀνέγραψεν</em></span> <span class='ocrx_word' id='word_1_7' title='bbox 1062 379 1222 472; x_wconf 73' lang='grc' dir='ltr'><em>γεννήτας,</em></span> <span class='ocrx_word' id='word_1_8' title='bbox 1245 381 1323 452; x_wconf 77' lang='grc' dir='ltr'><strong><em>ἐπι-</em></strong></span> 
     </span>
     <span class='ocr_line' id='line_1_3' title="bbox 177 479 1321 574; baseline 0 -21"><span class='ocrx_word' id='word_1_9' title='bbox 177 484 364 569; x_wconf 77' lang='grc' dir='ltr'><em>δειξάμενος</em></span> <span class='ocrx_word' id='word_1_10' title='bbox 391 483 429 552; x_wconf 83' lang='grc' dir='ltr'>τὸ</span> <span class='ocrx_word' id='word_1_11' title='bbox 458 485 636 574; x_wconf 79' lang='grc' dir='ltr'><em>δαπάνημα</em></span> <span class='ocrx_word' id='word_1_12' title='bbox 664 483 700 551; x_wconf 77' lang='grc' dir='ltr'>ἐκ</span> <span class='ocrx_word' id='word_1_13' title='bbox 728 491 794 551; x_wconf 83' lang='grc' dir='ltr'>τῶν</span> <span class='ocrx_word' id='word_1_14' title='bbox 822 481 922 550; x_wconf 79' lang='grc' dir='ltr'><em>ἰδίων.</em></span> <span class='ocrx_word' id='word_1_15' title='bbox 956 479 1083 572; x_wconf 75' lang='grc' dir='ltr'><em>’Ἀρχων</em></span> <span class='ocrx_word' id='word_1_16' title='bbox 1109 492 1169 552; x_wconf 80' lang='grc' dir='ltr'>τοῦ</span> <span class='ocrx_word' id='word_1_17' title='bbox 1195 486 1321 572; x_wconf 81' lang='grc' dir='ltr'><em>γένοος;</em></span> 
     </span>
     <span class='ocr_line' id='line_1_4' title="bbox 177 581 1323 677; baseline 0 -21"><span class='ocrx_word' id='word_1_18' title='bbox 177 581 330 677; x_wconf 69' lang='grc' dir='ltr'>[Ἄρειος]</span> <span class='ocrx_word' id='word_1_19' title='bbox 353 585 528 675; x_wconf 82' lang='grc' dir='ltr'><em>Δωρίωνος</em></span> <span class='ocrx_word' id='word_1_20' title='bbox 549 586 798 675; x_wconf 74' lang='grc' dir='ltr'><em>Π[αι]α[νι]εύς·</em></span> <span class='ocrx_word' id='word_1_21' title='bbox 840 584 980 674; x_wconf 72' lang='grc' dir='ltr'>Ἱε[ρ]εὲς</span> <span class='ocrx_word' id='word_1_22' title='bbox 996 588 1215 676; x_wconf 75' lang='grc' dir='ltr'>Κέκρο[ντ]ος;</span> <span class='ocrx_word' id='word_1_23' title='bbox 1231 583 1323 677; x_wconf 78' lang='grc' dir='ltr'><em>Ἀρί-</em></span> 
     </span>
     <span class='ocr_line' id='line_1_5' title="bbox 177 684 1325 779; baseline -0.001 -21"><span class='ocrx_word' id='word_1_24' title='bbox 177 714 264 758; x_wconf 88' lang='grc' dir='ltr'><em>στων</em></span> <span class='ocrx_word' id='word_1_25' title='bbox 285 689 512 773; x_wconf 81' lang='grc' dir='ltr'><em>Σωσικράιοος</em></span> <span class='ocrx_word' id='word_1_26' title='bbox 525 684 727 774; x_wconf 59' lang='grc' dir='ltr'><em>Ἀθμονεύς·</em></span> <span class='ocrx_word' id='word_1_27' title='bbox 775 687 902 774; x_wconf 82' lang='grc' dir='ltr'><em>Ταμιάς</em></span> <span class='ocrx_word' id='word_1_28' title='bbox 923 696 983 756; x_wconf 74' lang='grc' dir='ltr'>τοῦ</span> <span class='ocrx_word' id='word_1_29' title='bbox 1003 691 1114 776; x_wconf 76' lang='grc' dir='ltr'><em>γένους</em></span> <span class='ocrx_word' id='word_1_30' title='bbox 1133 688 1325 779; x_wconf 82' lang='grc' dir='ltr'><em>Ἡμόδωρος</em></span> 
     </span>
     <span class='ocr_line' id='line_1_6' title="bbox 173 789 1324 882; baseline 0.001 -23"><span class='ocrx_word' id='word_1_31' title='bbox 173 789 366 881; x_wconf 80' lang='grc' dir='ltr'><em>Ἡμοόώροο</em></span> <span class='ocrx_word' id='word_1_32' title='bbox 381 796 564 882; x_wconf 65' lang='lat' dir='ltr'>[Blasipdeu</span> <span class='ocrx_word' id='word_1_33' title='bbox 567 843 646 859; x_wconf 92' lang='grc'><strong>.....</strong></span> <span class='ocrx_word' id='word_1_34' title='bbox 656 800 681 874; x_wconf 86' lang='lat'>¹)</span> <span class='ocrx_word' id='word_1_35' title='bbox 720 794 872 860; x_wconf 81' lang='lat' dir='ltr'><strong>Videmus</strong></span> <span class='ocrx_word' id='word_1_36' title='bbox 886 796 1040 879; x_wconf 80' lang='lat' dir='ltr'>cujusque</span> <span class='ocrx_word' id='word_1_37' title='bbox 1063 797 1167 877; x_wconf 78' lang='lat' dir='ltr'>gentis</span> <span class='ocrx_word' id='word_1_38' title='bbox 1189 797 1324 875; x_wconf 70' lang='lat' dir='ltr'>gentiles</span> 
     </span>
     <span class='ocr_line' id='line_1_7' title="bbox 176 889 1324 984; baseline -0.001 -21"><span class='ocrx_word' id='word_1_39' title='bbox 176 897 347 963; x_wconf 77' lang='lat' dir='ltr'>sodalitate</span> <span class='ocrx_word' id='word_1_40' title='bbox 363 897 504 981; x_wconf 88' lang='lat' dir='ltr'>quadam</span> <span class='ocrx_word' id='word_1_41' title='bbox 520 898 706 981; x_wconf 88' lang='lat' dir='ltr'>conjunctos</span> <span class='ocrx_word' id='word_1_42' title='bbox 722 897 818 962; x_wconf 85' lang='lat' dir='ltr'>fuisse</span> <span class='ocrx_word' id='word_1_43' title='bbox 835 900 875 981; x_wconf 76' lang='grc'>2),</span> <span class='ocrx_word' id='word_1_44' title='bbox 898 899 949 961; x_wconf 90' lang='lat' dir='ltr'>cui</span> <span class='ocrx_word' id='word_1_45' title='bbox 964 904 1150 981; x_wconf 88' lang='lat' dir='ltr'>praeessent</span> <span class='ocrx_word' id='word_1_46' title='bbox 1171 889 1275 984; x_wconf 67' lang='grc' dir='ltr'><em>ἅρχων</em></span> <span class='ocrx_word' id='word_1_47' title='bbox 1291 906 1324 963; x_wconf 91' lang='lat' dir='ltr'>et</span> 
     </span>
     <span class='ocr_line' id='line_1_8' title="bbox 177 994 1323 1088; baseline 0.001 -23"><span class='ocrx_word' id='word_1_48' title='bbox 177 994 279 1088; x_wconf 74' lang='grc' dir='ltr'><em>ἱερεύς</em></span> <span class='ocrx_word' id='word_1_49' title='bbox 301 1007 334 1064; x_wconf 90' lang='lat' dir='ltr'>et</span> <span class='ocrx_word' id='word_1_50' title='bbox 356 995 495 1082; x_wconf 82' lang='grc' dir='ltr'><em>ταμίας,</em></span> <span class='ocrx_word' id='word_1_51' title='bbox 524 1007 560 1063; x_wconf 90' lang='lat' dir='ltr'>ut</span> <span class='ocrx_word' id='word_1_52' title='bbox 582 999 676 1064; x_wconf 86' lang='lat' dir='ltr'>heros</span> <span class='ocrx_word' id='word_1_53' title='bbox 698 1021 873 1083; x_wconf 86' lang='lat' dir='ltr'>eponymus</span> <span class='ocrx_word' id='word_1_54' title='bbox 894 999 954 1077; x_wconf 83' lang='lat' dir='ltr'>vel,</span> <span class='ocrx_word' id='word_1_55' title='bbox 978 1021 1073 1084; x_wconf 91' lang='lat' dir='ltr'>quem</span> <span class='ocrx_word' id='word_1_56' title='bbox 1095 1000 1238 1065; x_wconf 87' lang='lat' dir='ltr'>colerent</span> <span class='ocrx_word' id='word_1_57' title='bbox 1260 1002 1323 1066; x_wconf 85' lang='lat' dir='ltr'>sin-</span> 
     </span>
     <span class='ocr_line' id='line_1_9' title="bbox 176 1101 1324 1188; baseline 0.001 -20"><span class='ocrx_word' id='word_1_58' title='bbox 176 1104 270 1188; x_wconf 83' lang='lat' dir='ltr'>gulae</span> <span class='ocrx_word' id='word_1_59' title='bbox 298 1111 409 1187; x_wconf 82' lang='lat' dir='ltr'>gentes</span> <span class='ocrx_word' id='word_1_60' title='bbox 437 1102 583 1180; x_wconf 69' lang='lat' dir='ltr'>herobm,</span> <span class='ocrx_word' id='word_1_61' title='bbox 616 1105 678 1168; x_wconf 88' lang='lat' dir='ltr'>rite</span> <span class='ocrx_word' id='word_1_62' title='bbox 706 1102 905 1167; x_wconf 86' lang='lat' dir='ltr'>adoraretur.</span> <span class='ocrx_word' id='word_1_63' title='bbox 950 1101 1014 1167; x_wconf 85' lang='lat' dir='ltr'>Sed</span> <span class='ocrx_word' id='word_1_64' title='bbox 1036 1102 1115 1167; x_wconf 87' lang='lat' dir='ltr'>tales</span> <span class='ocrx_word' id='word_1_65' title='bbox 1137 1103 1324 1169; x_wconf 78' lang='lat' dir='ltr'>sodalitates</span> 
     </span>
     <span class='ocr_line' id='line_1_10' title="bbox 177 1203 1323 1289; baseline 0.001 -19"><span class='ocrx_word' id='word_1_66' title='bbox 177 1227 241 1271; x_wconf 87' lang='lat' dir='ltr'>non</span> <span class='ocrx_word' id='word_1_67' title='bbox 265 1204 360 1271; x_wconf 86' lang='lat' dir='ltr'>modo</span> <span class='ocrx_word' id='word_1_68' title='bbox 383 1214 475 1269; x_wconf 84' lang='lat' dir='ltr'>eraut</span> <span class='ocrx_word' id='word_1_69' title='bbox 497 1203 679 1288; x_wconf 84' lang='lat' dir='ltr'>gentilium,</span> <span class='ocrx_word' id='word_1_70' title='bbox 714 1205 770 1271; x_wconf 87' lang='lat' dir='ltr'>sed</span> <span class='ocrx_word' id='word_1_71' title='bbox 792 1207 934 1289; x_wconf 83' lang='lat' dir='ltr'>gentium</span> <span class='ocrx_word' id='word_1_72' title='bbox 957 1226 1083 1288; x_wconf 89' lang='lat' dir='ltr'>quoque</span> <span class='ocrx_word' id='word_1_73' title='bbox 1106 1227 1189 1288; x_wconf 88' lang='lat' dir='ltr'>quae</span> <span class='ocrx_word' id='word_1_74' title='bbox 1211 1205 1323 1271; x_wconf 90' lang='lat' dir='ltr'>eodem</span> 
     </span>
     <span class='ocr_line' id='line_1_11' title="bbox 177 1306 1323 1392; baseline 0.001 -19"><span class='ocrx_word' id='word_1_75' title='bbox 177 1309 282 1373; x_wconf 87' lang='lat' dir='ltr'>cultus</span> <span class='ocrx_word' id='word_1_76' title='bbox 311 1308 435 1372; x_wconf 84' lang='lat' dir='ltr'>vinculo</span> <span class='ocrx_word' id='word_1_77' title='bbox 466 1308 655 1391; x_wconf 87' lang='lat' dir='ltr'>conjunctae</span> <span class='ocrx_word' id='word_1_78' title='bbox 678 1314 779 1387; x_wconf 89' lang='lat' dir='ltr'>erant,</span> <span class='ocrx_word' id='word_1_79' title='bbox 808 1306 943 1390; x_wconf 89' lang='lat' dir='ltr'>denique</span> <span class='ocrx_word' id='word_1_80' title='bbox 965 1307 1052 1390; x_wconf 90' lang='lat' dir='ltr'>quod</span> <span class='ocrx_word' id='word_1_81' title='bbox 1074 1329 1172 1392; x_wconf 83' lang='lat' dir='ltr'>supra</span> <span class='ocrx_word' id='word_1_82' title='bbox 1193 1308 1323 1374; x_wconf 87' lang='lat' dir='ltr'>demon-</span> 
     </span>
     <span class='ocr_line' id='line_1_12' title="bbox 176 1408 1323 1495; baseline 0 -19"><span class='ocrx_word' id='word_1_83' title='bbox 176 1419 280 1476; x_wconf 90' lang='lat' dir='ltr'>strare</span> <span class='ocrx_word' id='word_1_84' title='bbox 302 1419 436 1475; x_wconf 86' lang='lat' dir='ltr'>conatus</span> <span class='ocrx_word' id='word_1_85' title='bbox 457 1431 527 1475; x_wconf 90' lang='lat' dir='ltr'>sum</span> <span class='ocrx_word' id='word_1_86' title='bbox 549 1431 703 1492; x_wconf 83' lang='lat' dir='ltr'>pagorum</span> <span class='ocrx_word' id='word_1_87' title='bbox 726 1430 868 1493; x_wconf 89' lang='lat' dir='ltr'>quoque,</span> <span class='ocrx_word' id='word_1_88' title='bbox 906 1409 961 1492; x_wconf 91' lang='lat' dir='ltr'>qui</span> <span class='ocrx_word' id='word_1_89' title='bbox 989 1408 1151 1474; x_wconf 86' lang='lat' dir='ltr'>adunam</span> <span class='ocrx_word' id='word_1_90' title='bbox 1175 1410 1323 1495; x_wconf 86' lang='lat' dir='ltr'>idemque</span> 
     </span>
     <span class='ocr_line' id='line_1_13' title="bbox 176 1512 1324 1597; baseline 0.001 -19"><span class='ocrx_word' id='word_1_91' title='bbox 176 1513 228 1578; x_wconf 91' lang='lat' dir='ltr'>dei</span> <span class='ocrx_word' id='word_1_92' title='bbox 249 1513 416 1596; x_wconf 85' lang='lat' dir='ltr'>cujusdam</span> <span class='ocrx_word' id='word_1_93' title='bbox 438 1512 594 1596; x_wconf 90' lang='lat' dir='ltr'>templum</span> <span class='ocrx_word' id='word_1_94' title='bbox 616 1512 829 1596; x_wconf 87' lang='lat' dir='ltr'>pertinebant.</span> <span class='ocrx_word' id='word_1_95' title='bbox 873 1513 954 1576; x_wconf 86' lang='lat' dir='ltr'>Nam</span> <span class='ocrx_word' id='word_1_96' title='bbox 984 1512 1018 1576; x_wconf 89' lang='lat' dir='ltr'>in</span> <span class='ocrx_word' id='word_1_97' title='bbox 1048 1513 1255 1597; x_wconf 82' lang='lat' dir='ltr'>inscriptione</span> <span class='ocrx_word' id='word_1_98' title='bbox 1284 1534 1324 1579; x_wconf 89' lang='lat' dir='ltr'>ea</span> 
     </span>
     <span class='ocr_line' id='line_1_14' title="bbox 176 1608 1323 1699; baseline 0.002 -20"><span class='ocrx_word' id='word_1_99' title='bbox 176 1633 273 1699; x_wconf 87' lang='lat' dir='ltr'>quaro</span> <span class='ocrx_word' id='word_1_100' title='bbox 304 1638 320 1680; x_wconf 90' lang='lat' dir='ltr'>e</span> <span class='ocrx_word' id='word_1_101' title='bbox 351 1615 454 1679; x_wconf 82' lang='lat' dir='ltr'>Curtii</span> <span class='ocrx_word' id='word_1_102' title='bbox 485 1615 565 1679; x_wconf 91' lang='lat' dir='ltr'>libro</span> <span class='ocrx_word' id='word_1_103' title='bbox 583 1616 614 1698; x_wconf 87' lang='grc'>3)</span> <span class='ocrx_word' id='word_1_104' title='bbox 643 1615 739 1677; x_wconf 85' lang='lat' dir='ltr'>attuli</span> <span class='ocrx_word' id='word_1_105' title='bbox 768 1609 977 1691; x_wconf 74' lang='grc' dir='ltr'><em>Πολύευκτος</em></span> <span class='ocrx_word' id='word_1_106' title='bbox 1007 1615 1191 1680; x_wconf 88' lang='lat' dir='ltr'>nominatur</span> <span class='ocrx_word' id='word_1_107' title='bbox 1220 1608 1323 1699; x_wconf 71' lang='grc' dir='ltr'><em>ἅρχων</em></span> 
     </span>
     <span class='ocr_line' id='line_1_15' title="bbox 176 1710 1322 1800; baseline 0.003 -20"><span class='ocrx_word' id='word_1_108' title='bbox 176 1715 401 1794; x_wconf 71' lang='grc' dir='ltr'><em>κατασταθεὶς</em></span> <span class='ocrx_word' id='word_1_109' title='bbox 427 1710 497 1781; x_wconf 73' lang='grc' dir='ltr'>ὑπὸ</span> <span class='ocrx_word' id='word_1_110' title='bbox 526 1714 592 1781; x_wconf 81' lang='grc' dir='ltr'>τῶν</span> <span class='ocrx_word' id='word_1_111' title='bbox 619 1712 814 1800; x_wconf 82' lang='grc' dir='ltr'><em>Μεσογείων</em></span> <span class='ocrx_word' id='word_1_112' title='bbox 840 1715 898 1781; x_wconf 81' lang='grc' dir='ltr'>τὸν</span> <span class='ocrx_word' id='word_1_113' title='bbox 926 1713 1072 1782; x_wconf 78' lang='grc' dir='ltr'><em>ἕνιαοτόν</em></span> <span class='ocrx_word' id='word_1_114' title='bbox 1093 1714 1150 1782; x_wconf 80' lang='grc' dir='ltr'>τὸν</span> <span class='ocrx_word' id='word_1_115' title='bbox 1173 1715 1232 1783; x_wconf 77' lang='grc' dir='ltr'>ἐπὶ</span> <span class='ocrx_word' id='word_1_116' title='bbox 1251 1713 1322 1784; x_wconf 83' lang='grc' dir='ltr'>’ολ-</span> 
     </span>
     <span class='ocr_line' id='line_1_16' title="bbox 176 1812 1323 1906; baseline 0.002 -22"><span class='ocrx_word' id='word_1_117' title='bbox 176 1816 251 1903; x_wconf 81' lang='grc' dir='ltr'><em>βίου</em></span> <span class='ocrx_word' id='word_1_118' title='bbox 271 1812 432 1904; x_wconf 71' lang='grc' dir='ltr'><em>ἶν’ρχοντος,</em></span> <span class='ocrx_word' id='word_1_119' title='bbox 457 1820 576 1884; x_wconf 89' lang='lat' dir='ltr'>incolas</span> <span class='ocrx_word' id='word_1_120' title='bbox 598 1819 784 1902; x_wconf 80' lang='lat' dir='ltr'>Mesogaeae</span> <span class='ocrx_word' id='word_1_121' title='bbox 807 1819 848 1883; x_wconf 88' lang='lat' dir='ltr'>ad</span> <span class='ocrx_word' id='word_1_122' title='bbox 872 1820 1019 1884; x_wconf 86' lang='lat' dir='ltr'>Herculis</span> <span class='ocrx_word' id='word_1_123' title='bbox 1042 1842 1134 1886; x_wconf 89' lang='lat' dir='ltr'>sacra</span> <span class='ocrx_word' id='word_1_124' title='bbox 1155 1820 1323 1906; x_wconf 74' lang='lat' dir='ltr'>perficiem</span> 
     </span>
     <span class='ocr_line' id='line_1_17' title="bbox 176 1915 1323 2009; baseline 0.003 -23"><span class='ocrx_word' id='word_1_125' title='bbox 176 1921 218 1986; x_wconf 90' lang='lat' dir='ltr'>da</span> <span class='ocrx_word' id='word_1_126' title='bbox 241 1923 428 2005; x_wconf 86' lang='lat' dir='ltr'>conjunctos</span> <span class='ocrx_word' id='word_1_127' title='bbox 450 1921 548 1986; x_wconf 84' lang='lat' dir='ltr'>luisse</span> <span class='ocrx_word' id='word_1_128' title='bbox 569 1922 724 1985; x_wconf 81' lang='lat' dir='ltr'>videmus.</span> <span class='ocrx_word' id='word_1_129' title='bbox 771 1922 809 1985; x_wconf 92' lang='lat' dir='ltr'>ln</span> <span class='ocrx_word' id='word_1_130' title='bbox 832 1920 900 2005; x_wconf 82' lang='lat' dir='ltr'>lege</span> <span class='ocrx_word' id='word_1_131' title='bbox 923 1923 1053 2005; x_wconf 72' lang='lat' dir='ltr'>regia*l</span> <span class='ocrx_word' id='word_1_132' title='bbox 1075 1945 1135 1988; x_wconf 82' lang='lat' dir='ltr'>vox</span> <span class='ocrx_word' id='word_1_133' title='bbox 1157 1915 1262 2009; x_wconf 67' lang='grc' dir='ltr'><em>ἅρχων</em></span> <span class='ocrx_word' id='word_1_134' title='bbox 1283 1923 1323 1989; x_wconf 88' lang='lat' dir='ltr'>de</span> 
     </span>
     <span class='ocr_line' id='line_1_18' title="bbox 176 2024 1323 2108; baseline 0 -18"><span class='ocrx_word' id='word_1_135' title='bbox 176 2026 323 2090; x_wconf 88' lang='lat' dir='ltr'>omnibus</span> <span class='ocrx_word' id='word_1_136' title='bbox 345 2025 554 2108; x_wconf 82' lang='lat' dir='ltr'>intelligenda</span> <span class='ocrx_word' id='word_1_137' title='bbox 576 2031 625 2089; x_wconf 85' lang='lat' dir='ltr'>est</span> <span class='ocrx_word' id='word_1_138' title='bbox 643 2024 859 2103; x_wconf 74' lang='lat' dir='ltr'>archontibus,</span> <span class='ocrx_word' id='word_1_139' title='bbox 882 2025 938 2107; x_wconf 89' lang='lat' dir='ltr'>qui</span> <span class='ocrx_word' id='word_1_140' title='bbox 961 2025 1186 2090; x_wconf 82' lang='lat' dir='ltr'>sodalitatibus</span> <span class='ocrx_word' id='word_1_141' title='bbox 1209 2026 1323 2092; x_wconf 88' lang='lat' dir='ltr'>adres</span> 
     </span>
     <span class='ocr_line' id='line_1_19' title="bbox 175 2120 1322 2210; baseline -0.001 -17"><span class='ocrx_word' id='word_1_142' title='bbox 175 2148 283 2193; x_wconf 88' lang='lat' dir='ltr'>sacras</span> <span class='ocrx_word' id='word_1_143' title='bbox 305 2126 512 2192; x_wconf 88' lang='lat' dir='ltr'>celebrandas</span> <span class='ocrx_word' id='word_1_144' title='bbox 534 2120 694 2192; x_wconf 87' lang='lat' dir='ltr'>institutis</span> <span class='ocrx_word' id='word_1_145' title='bbox 713 2133 906 2210; x_wconf 88' lang='lat' dir='ltr'>praeessent,</span> <span class='ocrx_word' id='word_1_146' title='bbox 921 2140 1004 2191; x_wconf 76' lang='lat' dir='ltr'>&#39;nam</span> <span class='ocrx_word' id='word_1_147' title='bbox 1028 2150 1101 2192; x_wconf 87' lang='lat' dir='ltr'>cum</span> <span class='ocrx_word' id='word_1_148' title='bbox 1123 2128 1242 2194; x_wconf 88' lang='lat' dir='ltr'>archon</span> <span class='ocrx_word' id='word_1_149' title='bbox 1265 2150 1322 2194; x_wconf 88' lang='lat' dir='ltr'>rex</span> 
     </span>
     <span class='ocr_line' id='line_1_20' title="bbox 178 2228 1322 2317; baseline 0.003 -23"><span class='ocrx_word' id='word_1_150' title='bbox 178 2228 217 2295; x_wconf 88' lang='lat' dir='ltr'>de</span> <span class='ocrx_word' id='word_1_151' title='bbox 247 2229 357 2295; x_wconf 89' lang='lat' dir='ltr'>litibus</span> <span class='ocrx_word' id='word_1_152' title='bbox 383 2231 469 2295; x_wconf 86' lang='lat' dir='ltr'>inter</span> <span class='ocrx_word' id='word_1_153' title='bbox 499 2231 641 2314; x_wconf 82' lang='lat' dir='ltr'>singulas</span> <span class='ocrx_word' id='word_1_154' title='bbox 670 2237 781 2313; x_wconf 82' lang='lat' dir='ltr'>gentes</span> <span class='ocrx_word' id='word_1_155' title='bbox 805 2229 860 2313; x_wconf 82' lang='lat' dir='ltr'>jus</span> <span class='ocrx_word' id='word_1_156' title='bbox 889 2229 1010 2296; x_wconf 85' lang='lat' dir='ltr'>diceret</span> <span class='ocrx_word' id='word_1_157' title='bbox 1025 2233 1072 2317; x_wconf 78' lang='lat'>4),</span> <span class='ocrx_word' id='word_1_158' title='bbox 1107 2253 1171 2296; x_wconf 91' lang='lat' dir='ltr'>non</span> <span class='ocrx_word' id='word_1_159' title='bbox 1201 2231 1322 2313; x_wconf 87' lang='lat' dir='ltr'>dubito,</span> 
     </span>
     <span class='ocr_line' id='line_1_21' title="bbox 177 2333 1322 2417; baseline 0.003 -22"><span class='ocrx_word' id='word_1_160' title='bbox 177 2334 254 2416; x_wconf 90' lang='lat' dir='ltr'>quin</span> <span class='ocrx_word' id='word_1_161' title='bbox 274 2335 402 2417; x_wconf 88' lang='lat' dir='ltr'>privata</span> <span class='ocrx_word' id='word_1_162' title='bbox 425 2354 551 2417; x_wconf 90' lang='lat' dir='ltr'>quoque</span> <span class='ocrx_word' id='word_1_163' title='bbox 573 2354 664 2398; x_wconf 90' lang='lat' dir='ltr'>sacra</span> <span class='ocrx_word' id='word_1_164' title='bbox 686 2335 748 2397; x_wconf 89' lang='lat' dir='ltr'>rite</span> <span class='ocrx_word' id='word_1_165' title='bbox 772 2333 918 2397; x_wconf 89' lang='lat' dir='ltr'>obeunda</span> <span class='ocrx_word' id='word_1_166' title='bbox 940 2341 973 2398; x_wconf 88' lang='lat' dir='ltr'>et</span> <span class='ocrx_word' id='word_1_167' title='bbox 995 2335 1165 2399; x_wconf 82' lang='lat' dir='ltr'>archontes</span> <span class='ocrx_word' id='word_1_168' title='bbox 1187 2340 1322 2417; x_wconf 89' lang='lat' dir='ltr'>quotan-</span> 
     </span>
     <span class='ocr_line' id='line_1_22' title="bbox 177 2435 1322 2521; baseline 0.002 -22"><span class='ocrx_word' id='word_1_169' title='bbox 177 2436 226 2500; x_wconf 87' lang='lat' dir='ltr'>nis</span> <span class='ocrx_word' id='word_1_170' title='bbox 242 2439 272 2520; x_wconf 83' lang='lat'>5)</span> <span class='ocrx_word' id='word_1_171' title='bbox 295 2437 450 2501; x_wconf 89' lang='lat' dir='ltr'>creandos</span> <span class='ocrx_word' id='word_1_172' title='bbox 473 2436 698 2501; x_wconf 85' lang='lat' dir='ltr'>observaverit.</span> <span class='ocrx_word' id='word_1_173' title='bbox 750 2435 887 2500; x_wconf 86' lang='lat' dir='ltr'>Parasiti</span> <span class='ocrx_word' id='word_1_174' title='bbox 915 2441 1042 2514; x_wconf 86' lang='lat' dir='ltr'>autern,</span> <span class='ocrx_word' id='word_1_175' title='bbox 1076 2436 1162 2521; x_wconf 88' lang='lat' dir='ltr'>quod</span> <span class='ocrx_word' id='word_1_176' title='bbox 1184 2459 1223 2502; x_wconf 87' lang='lat' dir='ltr'>ex</span> <span class='ocrx_word' id='word_1_177' title='bbox 1244 2437 1322 2521; x_wconf 90' lang='lat' dir='ltr'>ipsis</span> 
     </span>
     <span class='ocr_line' id='line_1_23' title="bbox 176 2539 1323 2622; baseline 0.001 -21"><span class='ocrx_word' id='word_1_178' title='bbox 176 2539 436 2622; x_wconf 86' lang='lat' dir='ltr'>inscriptionibus</span> <span class='ocrx_word' id='word_1_179' title='bbox 457 2539 657 2621; x_wconf 73' lang='lat' dir='ltr'>intelligitur,</span> <span class='ocrx_word' id='word_1_180' title='bbox 679 2560 743 2602; x_wconf 90' lang='lat' dir='ltr'>non</span> <span class='ocrx_word' id='word_1_181' title='bbox 766 2540 798 2602; x_wconf 93' lang='lat' dir='ltr'>in</span> <span class='ocrx_word' id='word_1_182' title='bbox 822 2539 969 2603; x_wconf 87' lang='lat' dir='ltr'>omnibus</span> <span class='ocrx_word' id='word_1_183' title='bbox 984 2539 1209 2605; x_wconf 89' lang='lat' dir='ltr'>sodalitatibus</span> <span class='ocrx_word' id='word_1_184' title='bbox 1224 2540 1323 2603; x_wconf 88' lang='lat' dir='ltr'>sacris</span> 
     </span>
     <span class='ocr_line' id='line_1_24' title="bbox 177 2637 1322 2726; baseline 0.003 -23"><span class='ocrx_word' id='word_1_185' title='bbox 177 2641 379 2721; x_wconf 79' lang='lat' dir='ltr'>creabantur,</span> <span class='ocrx_word' id='word_1_186' title='bbox 403 2641 513 2706; x_wconf 90' lang='lat' dir='ltr'>sedin</span> <span class='ocrx_word' id='word_1_187' title='bbox 536 2643 581 2706; x_wconf 88' lang='lat' dir='ltr'>eis</span> <span class='ocrx_word' id='word_1_188' title='bbox 603 2641 716 2719; x_wconf 91' lang='lat' dir='ltr'>solum,</span> <span class='ocrx_word' id='word_1_189' title='bbox 739 2663 821 2724; x_wconf 88' lang='lat' dir='ltr'>quae</span> <span class='ocrx_word' id='word_1_190' title='bbox 836 2641 912 2705; x_wconf 91' lang='lat' dir='ltr'>deos</span> <span class='ocrx_word' id='word_1_191' title='bbox 928 2643 1083 2719; x_wconf 83' lang='lat' dir='ltr'>colebant,</span> <span class='ocrx_word' id='word_1_192' title='bbox 1108 2642 1223 2726; x_wconf 90' lang='lat' dir='ltr'>quibus</span> <span class='ocrx_word' id='word_1_193' title='bbox 1238 2637 1322 2706; x_wconf 82' lang='grc' dir='ltr'><strong><em>κατὰ</em></strong></span> 
     </span>
     <span class='ocr_line' id='line_1_25' title="bbox 176 2738 1323 2829; baseline 0.001 -22"><span class='ocrx_word' id='word_1_194' title='bbox 176 2738 218 2807; x_wconf 81' lang='grc' dir='ltr'>τὰ</span> <span class='ocrx_word' id='word_1_195' title='bbox 241 2739 366 2827; x_wconf 77' lang='grc' dir='ltr'><em>πάτρια</em></span> <span class='ocrx_word' id='word_1_196' title='bbox 393 2744 608 2827; x_wconf 90' lang='lat' dir='ltr'>parasitorum</span> <span class='ocrx_word' id='word_1_197' title='bbox 630 2744 765 2826; x_wconf 85' lang='lat' dir='ltr'>collegia</span> <span class='ocrx_word' id='word_1_198' title='bbox 787 2751 878 2808; x_wconf 88' lang='lat' dir='ltr'>erant</span> <span class='ocrx_word' id='word_1_199' title='bbox 906 2744 1116 2810; x_wconf 88' lang='lat' dir='ltr'>instituenda.</span> <span class='ocrx_word' id='word_1_200' title='bbox 1161 2744 1323 2829; x_wconf 86' lang='lat' dir='ltr'>Imprimis</span> 
     </span>
     <span class='ocr_line' id='line_1_26' title="bbox 177 2845 1323 2931; baseline 0.002 -21"><span class='ocrx_word' id='word_1_201' title='bbox 177 2852 284 2910; x_wconf 89' lang='lat' dir='ltr'>autem</span> <span class='ocrx_word' id='word_1_202' title='bbox 314 2854 443 2931; x_wconf 86' lang='lat' dir='ltr'>praeter</span> <span class='ocrx_word' id='word_1_203' title='bbox 472 2846 618 2911; x_wconf 85' lang='lat' dir='ltr'>Herculis</span> <span class='ocrx_word' id='word_1_204' title='bbox 647 2847 809 2911; x_wconf 85' lang='lat' dir='ltr'>Minervae</span> <span class='ocrx_word' id='word_1_205' title='bbox 839 2868 964 2931; x_wconf 87' lang='lat' dir='ltr'>quoque</span> <span class='ocrx_word' id='word_1_206' title='bbox 993 2848 1190 2912; x_wconf 88' lang='lat' dir='ltr'>Pallenensis</span> <span class='ocrx_word' id='word_1_207' title='bbox 1218 2845 1323 2912; x_wconf 87' lang='lat' dir='ltr'>cultos</span> 
     </span>
     <span class='ocr_line' id='line_1_27' title="bbox 178 2946 1322 3033; baseline 0.001 -21"><span class='ocrx_word' id='word_1_208' title='bbox 178 2946 383 3013; x_wconf 85' lang='lat' dir='ltr'>desiderabat</span> <span class='ocrx_word' id='word_1_209' title='bbox 405 2950 573 3033; x_wconf 72' lang='lat' dir='ltr'>parasitos</span> <span class='ocrx_word' id='word_1_210' title='bbox 596 2947 636 3013; x_wconf 88' lang='lat' dir='ltr'>de</span> <span class='ocrx_word' id='word_1_211' title='bbox 658 2970 724 3032; x_wconf 89' lang='lat' dir='ltr'>qua</span> <span class='ocrx_word' id='word_1_212' title='bbox 744 2970 779 3012; x_wconf 90' lang='lat' dir='ltr'>re</span> <span class='ocrx_word' id='word_1_213' title='bbox 800 2949 885 3014; x_wconf 90' lang='lat' dir='ltr'>infra</span> <span class='ocrx_word' id='word_1_214' title='bbox 907 2949 1079 3014; x_wconf 89' lang='lat' dir='ltr'>dicendum</span> <span class='ocrx_word' id='word_1_215' title='bbox 1101 2951 1170 3014; x_wconf 90' lang='lat' dir='ltr'>erit.</span> <span class='ocrx_word' id='word_1_216' title='bbox 1215 2948 1265 3013; x_wconf 86' lang='lat' dir='ltr'>Ex</span> <span class='ocrx_word' id='word_1_217' title='bbox 1288 2970 1322 3014; x_wconf 89' lang='lat' dir='ltr'>re</span> 
     </span>
     <span class='ocr_line' id='line_1_28' title="bbox 175 3050 1322 3134; baseline 0.003 -21"><span class='ocrx_word' id='word_1_218' title='bbox 175 3050 248 3134; x_wconf 90' lang='lat' dir='ltr'>ipsa</span> <span class='ocrx_word' id='word_1_219' title='bbox 269 3057 377 3115; x_wconf 88' lang='lat' dir='ltr'>autem</span> <span class='ocrx_word' id='word_1_220' title='bbox 399 3051 577 3115; x_wconf 87' lang='lat' dir='ltr'>necessario</span> <span class='ocrx_word' id='word_1_221' title='bbox 599 3052 814 3134; x_wconf 88' lang='lat' dir='ltr'>consequitur,</span> <span class='ocrx_word' id='word_1_222' title='bbox 836 3053 994 3134; x_wconf 83' lang='lat' dir='ltr'>parasitos</span> <span class='ocrx_word' id='word_1_223' title='bbox 1016 3073 1078 3115; x_wconf 91' lang='lat' dir='ltr'>non</span> <span class='ocrx_word' id='word_1_224' title='bbox 1102 3052 1141 3116; x_wconf 87' lang='lat' dir='ltr'>ab</span> <span class='ocrx_word' id='word_1_225' title='bbox 1162 3051 1322 3116; x_wconf 90' lang='lat' dir='ltr'>archonti·</span> 
     </span>
     <span class='ocr_line' id='line_1_29' title="bbox 175 3151 1321 3237; baseline 0.001 -21"><span class='ocrx_word' id='word_1_226' title='bbox 175 3153 244 3231; x_wconf 86' lang='lat' dir='ltr'>bus,</span> <span class='ocrx_word' id='word_1_227' title='bbox 267 3151 323 3217; x_wconf 84' lang='lat' dir='ltr'>sed</span> <span class='ocrx_word' id='word_1_228' title='bbox 344 3154 384 3217; x_wconf 88' lang='lat' dir='ltr'>ab</span> <span class='ocrx_word' id='word_1_229' title='bbox 407 3155 453 3218; x_wconf 90' lang='lat' dir='ltr'>eis</span> <span class='ocrx_word' id='word_1_230' title='bbox 476 3174 543 3217; x_wconf 89' lang='lat' dir='ltr'>esse</span> <span class='ocrx_word' id='word_1_231' title='bbox 566 3159 699 3226; x_wconf 83' lang='lat' dir='ltr'>creatos,</span> <span class='ocrx_word' id='word_1_232' title='bbox 722 3154 904 3236; x_wconf 86' lang='lat' dir='ltr'>quicunque</span> <span class='ocrx_word' id='word_1_233' title='bbox 928 3151 970 3217; x_wconf 88' lang='lat' dir='ltr'>ad</span> <span class='ocrx_word' id='word_1_234' title='bbox 992 3152 1198 3218; x_wconf 84' lang='lat' dir='ltr'>sodalitatem</span> <span class='ocrx_word' id='word_1_235' title='bbox 1221 3175 1321 3237; x_wconf 90' lang='lat' dir='ltr'>qnan-</span> 
     </span>
     <span class='ocr_line' id='line_1_30' title="bbox 178 3252 1320 3340; baseline 0.002 -23"><span class='ocrx_word' id='word_1_236' title='bbox 178 3252 251 3318; x_wconf 89' lang='lat' dir='ltr'>dam</span> <span class='ocrx_word' id='word_1_237' title='bbox 275 3275 398 3319; x_wconf 88' lang='lat' dir='ltr'>sacram</span> <span class='ocrx_word' id='word_1_238' title='bbox 421 3255 634 3339; x_wconf 88' lang='lat' dir='ltr'>pertinebant.</span> <span class='ocrx_word' id='word_1_239' title='bbox 685 3256 768 3319; x_wconf 90' lang='lat' dir='ltr'>Nam</span> <span class='ocrx_word' id='word_1_240' title='bbox 792 3276 893 3340; x_wconf 90' lang='lat' dir='ltr'>aeque</span> <span class='ocrx_word' id='word_1_241' title='bbox 916 3277 954 3319; x_wconf 88' lang='lat' dir='ltr'>ac</span> <span class='ocrx_word' id='word_1_242' title='bbox 975 3257 1125 3321; x_wconf 89' lang='lat' dir='ltr'>sacerdos</span> <span class='ocrx_word' id='word_1_243' title='bbox 1147 3263 1179 3321; x_wconf 89' lang='lat' dir='ltr'>et</span> <span class='ocrx_word' id='word_1_244' title='bbox 1202 3256 1320 3321; x_wconf 90' lang='lat' dir='ltr'>archon</span> 
     </span>
    </p>
   </div>
   <div class='ocr_carea' id='block_1_3' title="bbox 172 3482 1343 4161">
    <p class='ocr_par' dir='ltr' id='par_1_3' title="bbox 248 3482 1343 3559">
     <span class='ocr_line' id='line_1_31' title="bbox 248 3482 1343 3559; baseline 0 -23"><span class='ocrx_word' id='word_1_245' title='bbox 248 3482 269 3547; x_wconf 82' lang='lat' dir='ltr'>l)</span> <span class='ocrx_word' id='word_1_246' title='bbox 305 3482 461 3551; x_wconf 88' lang='lat' dir='ltr'>Sequontor</span> <span class='ocrx_word' id='word_1_247' title='bbox 477 3484 589 3536; x_wconf 87' lang='lat' dir='ltr'>nomina</span> <span class='ocrx_word' id='word_1_248' title='bbox 607 3484 754 3553; x_wconf 86' lang='lat' dir='ltr'>gentilium</span> <span class='ocrx_word' id='word_1_249' title='bbox 771 3484 924 3537; x_wconf 88' lang='lat' dir='ltr'>secundum</span> <span class='ocrx_word' id='word_1_250' title='bbox 943 3485 1064 3553; x_wconf 83' lang='lat' dir='ltr'>singulas</span> <span class='ocrx_word' id='word_1_251' title='bbox 1077 3485 1175 3555; x_wconf 81' lang='lat' dir='ltr'>phylas</span> <span class='ocrx_word' id='word_1_252' title='bbox 1188 3485 1322 3538; x_wconf 87' lang='lat' dir='ltr'>ordinata.</span> <span class='ocrx_word' id='word_1_253' title='bbox 1340 3555 1343 3559; x_wconf 23' lang='grc' dir='ltr'>Ι</span> 
     </span>
    </p>

    <p class='ocr_par' dir='ltr' id='par_1_4' title="bbox 176 3567 1321 3731">
     <span class='ocr_line' id='line_1_32' title="bbox 246 3567 1321 3642; baseline -0.001 -19"><span class='ocrx_word' id='word_1_254' title='bbox 246 3570 269 3638; x_wconf 74' lang='lat'>²)</span> <span class='ocrx_word' id='word_1_255' title='bbox 305 3570 341 3624; x_wconf 85' lang='lat' dir='ltr'>cf.</span> <span class='ocrx_word' id='word_1_256' title='bbox 358 3570 442 3624; x_wconf 84' lang='lat' dir='ltr'>schol.</span> <span class='ocrx_word' id='word_1_257' title='bbox 459 3569 567 3624; x_wconf 85' lang='lat' dir='ltr'>Platon.</span> <span class='ocrx_word' id='word_1_258' title='bbox 586 3588 613 3638; x_wconf 89' lang='lat' dir='ltr'>p.</span> <span class='ocrx_word' id='word_1_259' title='bbox 626 3575 686 3626; x_wconf 84' lang='lat'><strong>373.</strong></span> <span class='ocrx_word' id='word_1_260' title='bbox 706 3567 855 3641; x_wconf 76' lang='grc' dir='ltr'><em>γεννήταις·</em></span> <span class='ocrx_word' id='word_1_261' title='bbox 874 3567 1010 3641; x_wconf 71' lang='grc' dir='ltr'><em>γεννῆται·</em></span> <span class='ocrx_word' id='word_1_262' title='bbox 1030 3574 1058 3624; x_wconf 78' lang='grc' dir='ltr'>οἱ</span> <span class='ocrx_word' id='word_1_263' title='bbox 1074 3576 1125 3624; x_wconf 84' lang='grc' dir='ltr'>τοῦ</span> <span class='ocrx_word' id='word_1_264' title='bbox 1141 3576 1238 3642; x_wconf 76' lang='grc' dir='ltr'><em>γένους</em></span> <span class='ocrx_word' id='word_1_265' title='bbox 1254 3586 1321 3640; x_wconf 81' lang='grc' dir='ltr'><strong><em>μετ·</em></strong></span> 
     </span>
     <span class='ocr_line' id='line_1_33' title="bbox 176 3654 875 3731; baseline 0 -21"><span class='ocrx_word' id='word_1_266' title='bbox 176 3660 287 3725; x_wconf 72' lang='grc' dir='ltr'><em>ἔχοντες</em></span> <span class='ocrx_word' id='word_1_267' title='bbox 305 3658 352 3708; x_wconf 83' lang='grc' dir='ltr'>καὶ</span> <span class='ocrx_word' id='word_1_268' title='bbox 370 3654 421 3709; x_wconf 72' lang='grc' dir='ltr'>ἀπ’</span> <span class='ocrx_word' id='word_1_269' title='bbox 440 3654 527 3728; x_wconf 76' lang='grc' dir='ltr'><em>ἀρχῆς</em></span> <span class='ocrx_word' id='word_1_270' title='bbox 546 3660 656 3728; x_wconf 80' lang='grc' dir='ltr'><em>ἔχοντες</em></span> <span class='ocrx_word' id='word_1_271' title='bbox 673 3654 771 3710; x_wconf 81' lang='grc' dir='ltr'><em>κοινὰ</em></span> <span class='ocrx_word' id='word_1_272' title='bbox 790 3655 875 3731; x_wconf 79' lang='grc' dir='ltr'><em>ἱερά,</em></span> 
     </span>
    </p>

    <p class='ocr_par' dir='ltr' id='par_1_5' title="bbox 246 3744 660 3815">
     <span class='ocr_line' id='line_1_34' title="bbox 246 3744 660 3815; baseline 0.002 -17"><span class='ocrx_word' id='word_1_273' title='bbox 246 3744 270 3813; x_wconf 82' lang='grc'>3)</span> <span class='ocrx_word' id='word_1_274' title='bbox 305 3746 358 3798; x_wconf 90' lang='lat' dir='ltr'>XII</span> <span class='ocrx_word' id='word_1_275' title='bbox 376 3745 501 3813; x_wconf 83' lang='lat' dir='ltr'>inscript.</span> <span class='ocrx_word' id='word_1_276' title='bbox 518 3747 577 3798; x_wconf 76' lang='lat' dir='ltr'>att..</span> <span class='ocrx_word' id='word_1_277' title='bbox 595 3763 623 3815; x_wconf 91' lang='lat' dir='ltr'>p.</span> <span class='ocrx_word' id='word_1_278' title='bbox 636 3749 660 3799; x_wconf 81' lang='lat'>3.</span> 
     </span>
    </p>

    <p class='ocr_par' dir='ltr' id='par_1_6' title="bbox 246 3832 964 3904">
     <span class='ocr_line' id='line_1_35' title="bbox 246 3832 964 3904; baseline 0 -19"><span class='ocrx_word' id='word_1_279' title='bbox 246 3832 270 3899; x_wconf 77' lang='lat' dir='ltr'>*l</span> <span class='ocrx_word' id='word_1_280' title='bbox 306 3833 413 3887; x_wconf 90' lang='lat' dir='ltr'>scilicet</span> <span class='ocrx_word' id='word_1_281' title='bbox 430 3835 459 3885; x_wconf 91' lang='lat' dir='ltr'>in</span> <span class='ocrx_word' id='word_1_282' title='bbox 479 3851 510 3887; x_wconf 90' lang='lat' dir='ltr'>eo</span> <span class='ocrx_word' id='word_1_283' title='bbox 528 3832 693 3904; x_wconf 77' lang='lat' dir='ltr'>fragmento,</span> <span class='ocrx_word' id='word_1_284' title='bbox 712 3834 785 3902; x_wconf 90' lang='lat' dir='ltr'>quod</span> <span class='ocrx_word' id='word_1_285' title='bbox 805 3838 964 3886; x_wconf 84' lang='lat' dir='ltr'>tractamus.</span> 
     </span>
    </p>

    <p class='ocr_par' dir='ltr' id='par_1_7' title="bbox 246 3918 610 3989">
     <span class='ocr_line' id='line_1_36' title="bbox 246 3918 610 3989; baseline 0.005 -15"><span class='ocrx_word' id='word_1_286' title='bbox 246 3918 269 3986; x_wconf 75' lang='lat'>⁴)</span> <span class='ocrx_word' id='word_1_287' title='bbox 305 3919 340 3974; x_wconf 86' lang='lat' dir='ltr'>cf.</span> <span class='ocrx_word' id='word_1_288' title='bbox 358 3920 458 3974; x_wconf 86' lang='lat' dir='ltr'>Pollux</span> <span class='ocrx_word' id='word_1_289' title='bbox 475 3921 548 3989; x_wconf 84' lang='lat' dir='ltr'>VIII,</span> <span class='ocrx_word' id='word_1_290' title='bbox 568 3924 610 3976; x_wconf 83' lang='lat'>90.</span> 
     </span>
    </p>

    <p class='ocr_par' dir='ltr' id='par_1_8' title="bbox 172 4004 1321 4161">
     <span class='ocr_line' id='line_1_37' title="bbox 246 4004 1321 4079; baseline 0.001 -19"><span class='ocrx_word' id='word_1_291' title='bbox 246 4005 268 4075; x_wconf 86' lang='lat'>⁵)</span> <span class='ocrx_word' id='word_1_292' title='bbox 304 4008 413 4061; x_wconf 88' lang='lat' dir='ltr'>Curtius</span> <span class='ocrx_word' id='word_1_293' title='bbox 431 4009 449 4061; x_wconf 89' lang='lat' dir='ltr'>l.</span> <span class='ocrx_word' id='word_1_294' title='bbox 469 4009 487 4060; x_wconf 89' lang='lat' dir='ltr'>l.</span> <span class='ocrx_word' id='word_1_295' title='bbox 505 4026 532 4076; x_wconf 88' lang='lat' dir='ltr'>p.</span> <span class='ocrx_word' id='word_1_296' title='bbox 552 4013 575 4062; x_wconf 86' lang='lat'>3.</span> <span class='ocrx_word' id='word_1_297' title='bbox 594 4027 637 4062; x_wconf 86' lang='lat' dir='ltr'>vv.</span> <span class='ocrx_word' id='word_1_298' title='bbox 656 4013 681 4062; x_wconf 81' lang='lat'>2.</span> <span class='ocrx_word' id='word_1_299' title='bbox 701 4013 725 4061; x_wconf 84' lang='lat'>3.</span> <span class='ocrx_word' id='word_1_300' title='bbox 755 4006 816 4060; x_wconf 84' lang='grc' dir='ltr'>τὸν</span> <span class='ocrx_word' id='word_1_301' title='bbox 840 4004 1000 4061; x_wconf 73' lang='grc' dir='ltr'><em>ἐνιαυτὸν</em></span> <span class='ocrx_word' id='word_1_302' title='bbox 1016 4005 1066 4059; x_wconf 78' lang='grc' dir='ltr'>τὸν</span> <span class='ocrx_word' id='word_1_303' title='bbox 1086 4009 1133 4061; x_wconf 71' lang='grc' dir='ltr'>ἐπὶ</span> <span class='ocrx_word' id='word_1_304' title='bbox 1151 4006 1254 4076; x_wconf 73' lang='grc' dir='ltr'><em>Ὀλβίαν</em></span> <span class='ocrx_word' id='word_1_305' title='bbox 1272 4004 1321 4079; x_wconf 76' lang='grc' dir='ltr'>ἄρ-</span> 
     </span>
     <span class='ocr_line' id='line_1_38' title="bbox 172 4109 281 4161; baseline -0.028 -16"><span class='ocrx_word' id='word_1_306' title='bbox 172 4109 281 4161; x_wconf 82' lang='grc' dir='ltr'><em>χοντος,</em></span> 
     </span>
    </p>
   </div>
   <div class='ocr_carea' id='block_1_4' title="bbox 1061 4199 1092 4252">
    <p class='ocr_par' dir='ltr' id='par_1_9' title="bbox 1061 4199 1092 4252">
     <span class='ocr_line' id='line_1_39' title="bbox 1061 4199 1092 4252; baseline 0 -21"><span class='ocrx_word' id='word_1_307' title='bbox 1061 4199 1092 4252; x_wconf 80' lang='grc'>3*</span> 
     </span>
    </p>
   </div>
   <div class='ocr_carea' id='block_1_5' title="bbox 0 0 1380 4575">
    <p class='ocr_par' dir='ltr' id='par_1_10' title="bbox 0 0 1380 4575">
     <span class='ocr_line' id='line_1_40' title="bbox 0 0 1380 4575; baseline 0 0"><span class='ocrx_word' id='word_1_308' title='bbox 0 0 1380 4575; x_wconf 95' lang='lat' dir='ltr'> </span> 
     </span>
    </p>
   </div>
  </div>
 </body>
</html>
