2750 4575
639 299 721 363 ‘19

123 508 208 572 quae
229 485 397 571 proposui,
427 485 576 551 nonnulli
598 487 881 568 grammaticorum
904 487 967 553 loci
987 487 1093 553 facere
1114 489 1273 569 videntur,

123 611 202 657 nam
224 609 420 672 quamquam
441 588 556 657 Pollux
578 588 636 668 III,
661 593 698 653 21
725 589 764 654 de
787 591 904 674 spuriis
926 595 1012 655 recte
1035 589 1133 656 dicit:
1171 585 1274 670 νόθος

124 691 165 767 δὲ
187 685 203 757 ί
227 689 263 756 ἐκ
289 689 380 777 ξένης
400 682 421 777 ἢ
442 686 647 769 παλλακίδος
668 698 778 756 tamen
800 713 976 775 anonymus
1002 692 1134 776 quidam
1153 697 1178 772 ¹)
1207 699 1273 758 tra·
1374 751 1375 756 ,

129 795 195 860 dit:
233 789 287 858 διὰ
313 798 412 859 τοῦτο
440 791 506 860 ἐκεῖ
532 796 591 880 (sc.
614 791 648 859 ἐν
670 790 890 881 Κυνοσάργει)
917 789 949 859 οὶ
971 791 1070 859 νόθοι
1092 791 1271 877 ἐτελοῦντο,
1374 813 1375 862 ζ

129 891 161 962 οἶ
188 891 345 984 μήποτε
374 893 474 982 πρὸς
504 893 657 983 πατρὸς
685 893 782 984 μήτε
809 893 910 984 πρὸς
931 893 1078 984 μητρός
1104 897 1275 965 πολῖται
1374 903 1375 952 ἐ

126 1006 160 1064 et
183 999 299 1064 Suidas
320 1020 349 1062 v.
372 994 580 1084 Κυνόσαργες
600 999 697 1064 simili
719 999 813 1065 modo
836 1000 931 1066 dicit:
955 996 1010 1065 διὰ
1032 1002 1129 1065 τοῦτο
1152 996 1221 1065 ἐκεῖ
1242 995 1275 1066 οἱ
1374 1069 1375 1072 ,

125 1096 226 1167 νόθοι
248 1095 476 1186 ἐγυμνάζοντο,
507 1097 539 1166 oi
560 1097 643 1189 μήτε
664 1098 751 1187 πρὸς
772 1098 914 1188 πατρὸς,
942 1098 1025 1189 μήτε
1047 1100 1132 1190 πρὸς
1152 1099 1275 1191 μητρός

125 1205 276 1270 πολῖται.
320 1204 493 1288 Nunquam
513 1226 597 1286 vero,
622 1205 677 1288 qui
699 1210 836 1288 utroque
857 1211 992 1288 parente
1015 1206 1083 1272 cive
1099 1207 1207 1271 Attico
1222 1229 1276 1272 ca·

125 1309 220 1375 rebat
248 1301 352 1383 νόθος
379 1308 624 1385 nominabatur,
658 1307 712 1372 sed
735 1304 840 1387 ξένος,
875 1327 975 1389 quare
1005 1307 1055 1374 his
1084 1309 1276 1375 testimoniis

126 1417 239 1495 aperte
260 1411 351 1479 falsis
372 1409 455 1474 nihil
475 1409 681 1475 tribuendum
705 1429 773 1474 esse
794 1409 928 1473 videtur.
974 1410 1074 1476 Porro
1090 1431 1172 1495 quae
1188 1411 1276 1495 apud

129 1514 311 1579 Bekkerum
334 1513 458 1597 (anecd.
480 1535 511 1596 p.
528 1516 604 1592 274)
627 1518 758 1577 exstant
779 1512 891 1576 verba:
915 1508 1131 1599 Κυνόσαργες,
1154 1507 1276 1598 γυμνό-
1374 1593 1375 1608 ¹

132 1612 206 1682 σιόν
226 1639 260 1682 τι
279 1609 447 1703 Ἀθήνῃσι,
472 1604 559 1693 εἷςὸ
585 1610 800 1702 ἐνεγρόφοντο
822 1610 878 1678 καὶ
900 1610 932 1679 οἱ
954 1612 1053 1681 νόθοι
1076 1610 1137 1700 (οὶ)
1161 1613 1198 1680 ἐκ
1218 1620 1279 1680 τοῦ

128 1714 241 1806 ἑτέρου
262 1717 380 1805 μόρους
402 1710 499 1782 όίστοι
525 1718 564 1782 de
587 1723 695 1785 aetate
718 1718 940 1783 Themistoclis
961 1719 1172 1802 intelligenda
1193 1725 1278 1799 sunt,

127 1823 333 1906 maximeque
360 1821 499 1905 probant
525 1820 679 1886 vocabulo
703 1817 760 1884 καὶ
782 1820 894 1884 addito
916 1826 1044 1904 praeter
1066 1820 1162 1906 hujus
1184 1841 1278 1904 gene·

127 1928 176 1991 ris
199 1924 331 2005 nothos,
365 1923 444 1988 alios
472 1943 598 2006 quoque
626 1923 677 1988 vel
706 1924 791 1989 cives
812 1924 863 1987 vel
886 1924 1001 1988 nothos
1024 1923 1200 2008 Cynosargi
1223 1923 1278 1988 ad·

127 2028 267 2112 scriptos
289 2026 401 2105 fuisse,
434 2025 519 2108 quod
541 2032 639 2090 antea
661 2025 880 2090 demonstrare
903 2031 1036 2090 conatus
1058 2047 1138 2090 sum.
1184 2025 1279 2091 Deni—
1350 2014 1353 2019 Δ

67 2170 71 2175 -
128 2151 206 2215 qus,
230 2135 267 2194 ut
288 2128 509 2213 quaestionem
531 2127 571 2194 de
593 2128 701 2193 nothis
722 2129 817 2212 plane
839 2127 1012 2212 perficiam,
1036 2128 1208 2193 refutanda
1227 2135 1277 2194 est

131 2254 242 2299 eorum
265 2231 440 2312 sententia,
472 2230 527 2314 qui
548 2236 680 2314 putent,
713 2231 830 2297 nothos
857 2231 898 2296 ad
926 2231 1011 2297 solas
1032 2232 1278 2298 exercitationes

126 2336 347 2420 gymnastioas
363 2333 538 2417 Cynosargi
559 2354 627 2400 esse
650 2333 838 2418 adscriptos.
884 2336 988 2413 Quam
1010 2334 1192 2419 opinionem
1214 2356 1281 2400 om-

128 2440 210 2503 nino
238 2438 547 2521 praetermitterem,
576 2436 639 2500 nisi
667 2436 822 2501 Miillerus
839 2441 866 2514 ²)
895 2460 968 2503 eam
996 2444 1192 2521 sequeretur.
1237 2443 1281 2501 At

129 2542 202 2625 ipso
223 2540 439 2624 psephismate
466 2538 546 2603 haec
575 2539 737 2603 sententia
765 2539 869 2605 refelli
897 2561 989 2624 posse
1015 2539 1152 2605 videtur.
1196 2540 1279 2604 Nam

129 2643 208 2707 licet
234 2663 292 2726 per
323 2663 356 2706 se
386 2640 433 2705 nil
461 2642 581 2721 obstet,
614 2641 691 2723 quin
721 2642 850 2725 ephebi,
883 2643 989 2726 quoad
1016 2642 1281 2707 exercitationum

129 2745 404 2831 gymnasticarum
431 2749 524 2807 erant
552 2744 742 2827 participes,
777 2746 878 2828 spurii
908 2746 1123 2829 parasitorum
1153 2766 1280 2827 quoque

130 2868 264 2913 munere
287 2845 413 2911 iunctos
433 2866 501 2910 esse
524 2850 685 2929 putemus,
714 2851 823 2911 tamen
845 2847 957 2912 verba:
987 2840 1019 2911 ol
1042 2846 1078 2912 δὲ
1099 2842 1280 2928 νταροίσιτοι

132 2944 237 3017 ἔστων
267 2946 304 3014 ἐκ
331 2951 396 3012 τῶν
426 2944 537 3012 νόθων
564 2944 620 3011 καί
646 2952 712 3013 τῶν
733 2945 858 3014 τούτων
878 2945 1010 3014 παίδων
1032 2951 1110 3015 satis
1132 2949 1280 3033 probant,

132 3053 259 3137 spurios
280 3052 378 3115 etiam
401 3051 566 3133 gymnasio
589 3051 700 3116 relicto
723 3053 831 3134 aliquo
854 3052 948 3115 modo
969 3073 1041 3116 oum
1064 3052 1184 3136 templo
1201 3052 1281 3116 Her-

131 3154 215 3226 culis
236 3154 423 3237 conjunctos
445 3153 612 3231 mansisse,
636 3153 794 3235 simulque
818 3174 890 3217 cum
910 3154 1018 3236 pueris
1039 3153 1136 3218 fuisse
1158 3155 1281 3238 parasi-

130 3264 191 3323 tos.
237 3256 358 3321 Eodem
380 3254 474 3320 modo
499 3255 677 3319 Meinekius
693 3258 722 3335 3)
745 3256 825 3320 haec
846 3255 944 3320 verba
965 3258 1210 3339 interpretatur,
1232 3277 1281 3320 re-

132 3366 248 3442 cteque
269 3379 309 3423 ex
332 3359 422 3423 Isaeo
438 3360 469 3441 ⁴)
491 3357 587 3422 affert
607 3357 712 3422 locum
740 3359 842 3424 hunc:
879 3353 927 3437 εἷς
953 3354 1062 3425 τοίνυν
1094 3355 1136 3424 τὰ
1163 3352 1233 3444 ἱερὰ
1262 3352 1280 3421 ό

132 3459 244 3549 πατὴρ
271 3456 289 3526 ό
319 3456 397 3543 ἐμὸς
424 3455 481 3524 τὸν
501 3452 698 3547 Ἀστόφιλσν
720 3462 828 3526 παῖδα
848 3451 905 3549 ἦγε
926 3456 1004 3545 μεθ’
1026 3457 1144 3527 ἑαυτοῦ
1168 3455 1281 3543 ὥσπερ

131 3563 189 3631 καί
212 3560 269 3647 ἐμὲ
291 3566 449 3650 πανταχῆ,
472 3558 528 3626 καί
551 3556 599 3639 εἰς
619 3560 696 3640 τοὺς
717 3560 860 3642 θιάσους
881 3560 959 3643 τούς
976 3560 1173 3653 Ἡρακλέους
1194 3559 1280 3629 ἐκεῖ·

131 3691 189 3736 νυν
212 3662 372 3754 εἰσήγαγε,
396 3668 451 3730 ἳνα
470 3662 602 3749 μετέχοι
623 3669 682 3752 τῆς
703 3663 883 3745 κοινωνίας.
909 3707 949 3716 -

207 3842 227 3909 ¹)
263 3840 424 3895 Bachmann
442 3840 537 3895 anecd.
557 3856 648 3909 graec.
666 3840 688 3893 Ι.
707 3859 734 3909 p.
748 3843 808 3895 210.
825 3861 851 3896 ν.
870 3844 908 3899 εἰς
924 3836 1099 3914 Κυνόσαρκες
1116 3841 1152 3896 of.
1165 3841 1281 3896 Photiua

130 3949 158 3986 v.
176 3925 362 3998 erdoopyes.

205 4017 228 4085 θ)
263 4015 356 4069 Leuke
374 4015 493 4084 Topogr.
512 4032 581 4069 vers.
600 4016 733 4071 Rienack.
750 4034 778 4085 p.
796 4019 858 4070 460.

205 4102 229 4172 3)
263 4102 363 4172 fragm.
382 4120 451 4158 com.
471 4103 517 4158 Gr.
535 4104 571 4172 Η,
590 4106 606 4154 2
624 4121 652 4171 p.
673 4105 750 4157 1023.

204 4191 228 4255 ⁴)
264 4191 300 4245 de
317 4190 454 4259 Astyphil.
473 4190 566 4245 hored.
585 4189 609 4260 ξ.
628 4192 672 4244 30.
