2750 4575
710 196 747 256 21

157 381 341 469 παράσιτοι
363 378 465 448 έστων
487 379 523 447 ἐκ
545 386 610 446 τῶν
630 375 742 445 νόθων
764 380 819 446 καὶ
841 388 906 447 τῶν
927 382 1051 451 τούτων
1073 382 1203 453 παίδων
1218 385 1302 453 κατὰ

156 485 198 552 τὰ
221 484 346 573 πάτρια
367 486 447 549 bene
471 485 576 563 verba,
600 505 682 568 quae
705 486 909 566 antecedunt,
933 491 1105 572 excipiunt,
1129 512 1228 574 quare
1244 513 1301 556 suo

156 591 227 655 loco
249 589 311 670 legi
334 588 491 652 videntur.
537 588 607 666 Qua
628 587 754 651 ratione
778 590 993 656 constituendi
1014 593 1080 656 sint
1094 593 1230 675 parasiti
1245 600 1302 657 aut

155 692 221 757 alio
242 691 312 756 loco
333 689 476 772 ejusdem
491 688 724 772 psephismatis,
749 696 814 768 aut,
837 693 922 773 quod
939 694 1084 776 equidem
1101 695 1301 771 crediderim,

157 795 287 861 omnino
309 814 375 857 non
397 793 447 855 ibi
465 791 697 874 praescriptum
720 797 811 872 erat,
845 814 917 857 cum
939 795 971 858 in
996 795 1121 860 Solonis
1144 797 1234 880 lege,
1266 798 1302 862 ni

156 897 271 973 fallor,
309 894 383 959 huic
410 895 457 957 rei
484 894 646 976 provisum
675 900 768 957 esset.
819 894 910 959 Inlra
937 896 1115 962 videbimus
1143 900 1302 983 parasitos

156 1021 226 1066 esse
248 1006 378 1070 creatos,
403 1017 468 1078 qua
489 1018 523 1060 re
547 1017 619 1060 cum
642 997 721 1061 nihil
746 997 835 1061 aliud
858 997 1014 1062 traditum
1031 1000 1081 1077 sit,
1106 1000 1144 1065 de
1160 1000 1209 1065 his
1225 1023 1301 1085 quo-

99 1084 104 1092 ·
156 1122 219 1186 que
234 1100 386 1185 parasitis
400 1099 484 1163 idem
498 1099 689 1181 judicamus.
735 1101 820 1165 Num
836 1099 973 1164 Clidemi
996 1102 1058 1183 (vel
1075 1101 1246 1167 Clitodemi
1261 1108 1301 1186 ι))

156 1205 255 1270 verba
271 1206 314 1284 2)·;
337 1197 394 1265 καὶ
415 1198 596 1285 παράσιτοι
616 1196 783 1288 ᾑρέθησαν
804 1206 851 1286 τι)
870 1195 1025 1288 Ἡρακλεῖ
1046 1204 1085 1267 dc
1100 1205 1251 1288 parasitis
1267 1206 1301 1270 in

158 1306 339 1389 Cynosarge
365 1304 575 1387 intelligenda
605 1305 687 1382 sint,
725 1325 784 1387 pro
814 1310 900 1367 certo
929 1307 1066 1389 proponi
1094 1328 1156 1371 non
1186 1313 1301 1391 potest,

159 1408 245 1492 quod
267 1407 363 1471 nimis
385 1407 418 1470 in
442 1407 625 1470 universum
649 1406 736 1470 dieta
758 1411 834 1469 sunt
855 1406 1004 1489 quodque
1028 1408 1083 1472 alii
1106 1408 1205 1472 etiam
1221 1409 1301 1473 Her-

160 1510 239 1573 culis
267 1509 403 1592 parasiti
433 1513 534 1573 erant.
581 1509 668 1573 Idem
696 1508 908 1592 judicandum
935 1515 984 1574 est
1006 1510 1045 1574 de
1069 1510 1173 1578 verbis
1195 1510 1302 1576 Philo·

160 1613 247 1676 chori
264 1615 311 1694 3);
348 1603 450 1676 ταύτὰ
479 1606 603 1697 ἱστορεῖ
630 1608 686 1674 καὶ
718 1606 896 1696 Φιλόχορος
922 1609 956 1676 έν
987 1615 1028 1699 τῇ
1055 1610 1302 1701 ἐπιγραφομένῃ

163 1709 369 1801 Τετραπόλει
397 1709 605 1800 μνημονεύων
635 1717 701 1777 τῶν
728 1711 1050 1798 καταλεγομένων
1077 1719 1124 1800 τῷ
1147 1709 1303 1802 Ἡρακλεῖ

158 1812 369 1904 παρασίτων,
408 1837 483 1879 nam
514 1838 586 1880 cum
615 1816 654 1880 de
684 1815 848 1899 Tetrapoli
878 1818 987 1880 Attica
1007 1817 1216 1882 Philochorus
1244 1819 1302 1884 illo

155 1921 229 1985 loco
251 1920 403 2002 loquatur
424 1918 691 1982 verisimillimum
714 1923 778 1996 est,
811 1917 892 1982 haec
913 1918 1011 1983 verba
1033 1919 1072 1983 de
1093 1920 1246 2003 parasitis
1267 1921 1301 1985 in

156 2023 340 2106 Cynosarge
363 2041 427 2084 non
450 2020 538 2084 diota
560 2042 627 2085 esse
643 2023 681 2100 4).
726 2021 799 2084 Jam
827 2021 861 2083 in
890 2021 1106 2104 psephismate
1128 2027 1303 2105 sequnntur

154 2124 270 2189 verba:
293 2118 330 2200 ὅς
351 2115 380 2187 d'
401 2114 440 2191 ἄν
461 2118 506 2210 μὴ
528 2120 613 2211 θέλῃ
635 2124 846 2209 παρασιτεῖν,
870 2116 1027 2206 εἰσαγέτω
1048 2120 1104 2188 καὶ
1126 2120 1204 2210 περὶ
1224 2120 1301 2189 τού-

155 2251 223 2293 των
252 2220 299 2303 εἷς
327 2221 365 2290 τὸ
396 2222 612 2314 δικαστήριον.
659 2226 751 2305 Quod
773 2224 815 2290 ad
837 2224 923 2289 hunc
945 2225 1051 2290 locum
1074 2226 1234 2293 Prellerus
1255 2229 1302 2293 nil

155 2329 342 2406 adnotavit,
380 2349 477 2412 quam
499 2329 636 2393 maxime
667 2330 784 2404 miror,
822 2349 897 2391 nam
921 2329 1018 2393 verba
1041 2331 1169 2414 quidem
1190 2352 1248 2416 per
1270 2353 1303 2397 se

157 2432 254 2497 facile
276 2429 515 2512 intelliguntur,
538 2452 641 2515 neque
664 2432 698 2495 in
720 2431 766 2495 eis
788 2430 865 2514 ipsis
887 2432 1070 2515 corruptela
1091 2433 1194 2497 inesse
1217 2434 1303 2499 vide·

156 2541 228 2615 tur,
258 2534 312 2598 sed
336 2554 407 2596 cum
431 2533 491 2610 eis,
522 2554 604 2615 quae
627 2533 823 2598 antecedunt
845 2532 935 2597 nullo
956 2535 1050 2599 modo
1073 2542 1208 2619 possunt
1229 2557 1303 2601 con·
1363 2582 1366 2584 Α

152 2638 257 2723 jungi.
302 2635 393 2714 Quod
417 2634 580 2699 Polemoni
602 2658 667 2700 non
689 2635 965 2720 exprobraverim‚
997 2642 1117 2701 temere
1140 2659 1213 2701 eum
1234 2659 1304 2723 pse-

156 2739 285 2825 phisma
307 2737 529 2820 descripsisse,
567 2738 731 2802 Athenaeo
754 2737 933 2819 excerptori
956 2739 1227 2822 negligentissimo
1249 2741 1303 2805 ob-

152 2843 255 2926 jicere
277 2862 341 2904 non
365 2839 585 2903 dubitaverim.
631 2841 733 2920 Nam,
763 2859 805 2903 ne
827 2839 932 2903 dicam
954 2861 1111 2906 summam
1134 2862 1202 2906 esse
1223 2842 1303 2907 diffi—

157 2943 312 3009 cultatem
342 2941 520 3024 subjectum
551 2943 593 3007 ad
622 2944 847 3027 imperativum
870 2936 1028 3025 εἰσαγέτω
1049 2950 1116 3009 tarn
1141 2945 1234 3028 longe
1255 2968 1304 3011 re·

156 3045 304 3132 petendi,
337 3044 408 3126 quis
430 3045 620 3109 vccabulum
642 3041 699 3108 καί
723 3044 870 3125 „etiam“,
908 3044 980 3126 quis
1001 3046 1161 3128 pluralem
1181 3042 1305 3112 τούτων

157 3153 265 3235 potest
287 3147 470 3231 explicare?
512 3147 711 3211 Exciderunt
731 3146 829 3227 igilur
850 3147 1047 3228 compluria,
1085 3170 1168 3231 quae
1197 3151 1304 3215 omisit

156 3251 352 3325 Athenaeus,
376 3255 413 3313 ut
435 3249 475 3312 ad
499 3248 635 3313 alterum
653 3248 868 3332 parasitorum
885 3268 984 3329 genus
999 3256 1195 3334 properaret,
1219 3253 1304 3335 quod

157 3352 281 3435 majore
312 3350 477 3434 voluptate
513 3351 647 3417 lectores
678 3351 868 3416 adacturum
898 3370 965 3415 esse
997 3353 1146 3436 speravit.
1211 3354 1304 3419 Unde

157 3454 257 3519 verba
278 3454 482 3537 suppleamus
505 3455 605 3518 solam
628 3455 784 3520 habemus
806 3451 931 3520 Solonis
953 3453 1072 3539 legem,
1103 3457 1158 3523 sed
1180 3478 1304 3522 summo

160 3620 367 3632 ,.-.....-...

231 3729 251 3796 ¹)
288 3727 323 3782 cf.
346 3727 460 3782 Siebelis
486 3728 670 3800 Phanodemi,
703 3731 848 3785 Clitodemi
869 3727 1004 3782 Ἀτθίδων
1030 3729 1194 3798 fragmenta.
1229 3729 1305 3799 Lips.

162 3817 240 3872 1812.
259 3833 286 3884 p.
305 3816 365 3869 XII.
1279 3820 1287 3832 ⁶

232 3903 255 3969 2)
292 3903 633 3972 ap.hthen.VIp.235.
653 3904 685 3956 A.

230 3990 253 4056 3)
287 3989 355 4044 ibid.
373 4009 400 4061 p.
420 3993 470 4044 235
490 3990 522 4044 Ε.

236 4076 258 4144 4)
294 4076 329 4131 of.
349 4078 452 4133 Gurlitt
470 4079 504 4133 de
522 4079 665 4146 Tetrapoli
681 4078 777 4132 Attica
794 4079 902 4132 dissert.
921 4077 1043 4147 Gotting.
1064 4079 1140 4131 1867.
1159 4092 1186 4143 p.
1199 4077 1241 4129 44.
