2750 4575
544 1064 758 1120 Excursus.

369 1181 597 1270 Κίρβεις
639 1190 672 1249 et
715 1174 905 1262 ἄξονες.

150 1411 254 1487 Quam
276 1406 564 1473 Raucheusteinius
581 1334 623 1470 in
654 1405 731 1470 edit.
755 1411 835 1469 orat.
860 1404 931 1488 Lys.
956 1427 987 1488 p.
1015 1410 1074 1469 138
1102 1405 1215 1470 laudat

68 1510 368 1575 commentationem
393 1509 600 1573 Hiillemanni
623 1508 668 1585 (in
694 1510 782 1570 miso.
798 1506 907 1590 philol.
930 1512 963 1571 et
984 1506 1118 1590 paedag.
1142 1529 1213 1571 nov.

69 1634 129 1677 ser.
153 1611 229 1676 fasc.
254 1612 269 1674 I
291 1631 321 1695 p.
346 1615 417 1691 57),
450 1631 505 1688 ea,
540 1615 693 1693 quantam
716 1609 790 1674 dedi
812 1630 957 1692 operam,
988 1614 1116 1693 praesto
1138 1609 1216 1674 mihi

69 1735 133 1778 non
157 1718 243 1791 erat,
277 1734 380 1795 neque
403 1713 485 1788 scio,
518 1732 595 1774 num
618 1711 654 1775 R.
678 1732 770 1774 suam
793 1710 832 1774 de
853 1707 945 1794 κύρβ.
969 1718 1001 1774 et
1023 1703 1071 1792 dg.
1095 1711 1215 1794 opinio·

70 1837 142 1879 nem
173 1835 212 1878 ex
240 1835 278 1876 ea
306 1815 458 1879 hauserit.
513 1813 607 1878 Certe
636 1813 925 1877 Rauchensteinius
954 1834 1067 1876 causas
1097 1814 1146 1876 sui
1177 1812 1216 1876 de

70 1917 187 1981 haere
206 1916 321 1998 judicii
343 1916 438 1980 affert
459 1916 581 1991 nullas,
616 1935 717 1997 quare
742 1915 859 1997 partim
883 1915 988 1978 causis
1008 1914 1121 1978 fulcire
1144 1936 1216 1998 par-

68 2019 126 2082 tim
149 2019 216 2081 alia
236 2025 380 2097 mutare,
414 2018 479 2080 alia
501 2016 620 2081 addere
642 2018 675 2081 in
698 2017 805 2080 animo
829 2016 907 2080 mihi
932 2022 989 2079 est.
1035 2016 1120 2081 Dicit
1141 2036 1215 2081 vero

70 2121 106 2185 R.
131 2121 149 2183 l.
172 2121 192 2184 l.
218 2120 342 2184 Solonis
364 2119 448 2200 leges
470 2114 754 2205 βουστροφηδόνῐ)
779 2121 914 2202 scriptas
937 2139 1004 2183 esse
1026 2119 1059 2183 in
1082 2119 1216 2202 prisma*

68 2223 123 2300 tis,
146 2222 274 2286 tabellis
295 2221 410 2305 ligneis
432 2222 637 2298 constructis,
660 2241 743 2304 quae
767 2221 858 2284 initio
879 2216 1008 2306 κύρβεις
1030 2227 1141 2305 postea
1164 2221 1215 2284 de

71 2346 156 2389 mum
185 2329 317 2408 propter
344 2321 506 2399 cardines,
539 2324 572 2386 in
596 2323 712 2405 quibus
734 2330 951 2401 verterentur,
984 2317 1095 2404 ἄξονες
1117 2322 1217 2388 nomi-

72 2433 168 2490 natae
191 2430 306 2489 essent.
350 2425 449 2488 Plane
472 2423 567 2488 aliter
585 2424 712 2508 judicat
733 2425 893 2489 Prellerus
909 2425 1038 2504 (Polem.
1055 2425 1168 2509 fragm.
1185 2447 1216 2510 p.

71 2531 222 2606 87-91),
245 2527 301 2610 qui
322 2525 500 2589 innumeris
524 2525 590 2590 iere
613 2528 894 2609 grammaticorum
916 2527 1116 2612 aliorumque
1139 2527 1217 2593 locis

70 2630 193 2707 allatis,
224 2628 303 2693 mihi
327 2627 456 2710 quidem
477 2625 570 2710 longe
593 2648 614 2691 a
635 2649 710 2692 vero
733 2628 914 2693 discessisse
937 2630 1075 2707 videtur,
1107 2651 1216 2713 quam·

69 2752 166 2814 quam
197 2730 334 2794 libenter
363 2729 533 2807 confiteor,
566 2729 651 2794 illius
680 2731 861 2814 opinionem
884 2730 1052 2815 permultis
1074 2741 1216 2797 veterum

71 2834 260 2916 scriptorum
283 2832 361 2897 locis
383 2852 475 2915 posse
497 2831 636 2916 probari.
691 2831 752 2896 Sed
775 2833 862 2898 haud
884 2833 979 2898 dubie
1000 2835 1147 2918 inprimis
1168 2855 1217 2898 re·

70 2934 222 3020 spiciendi
247 2940 322 3000 sunt
343 2938 490 2997 auctores
512 2933 550 3013 ei,
574 2933 629 3016 qui
651 2932 713 3017 ipsi
734 2930 864 3017 κύρβεις
885 2935 958 3000 illos
981 2936 1124 3019 (plurimi
1147 2938 1217 3021 qui·

70 3038 143 3102 dem
165 3038 196 3100 in
220 3057 335 3122 genere
359 3035 535 3099 masculino
558 3034 654 3118 hujus
669 3037 814 3101 vocabuli
831 3038 1047 3119 consentiunt)
1063 3039 1128 3104 suis
1144 3061 1217 3103 ocu·

70 3141 110 3205 lis
132 3139 293 3218 viderunt,
317 3160 334 3203 e
357 3137 472 3221 quibus
493 3139 622 3202 nomino
645 3159 713 3216 eoo,
736 3160 872 3222 quorum
895 3138 1075 3224 fragmenta
1095 3140 1137 3204 ad
1160 3163 1217 3206 nos

70 3247 302 3327 pervenerunt:
342 3239 561 3319 Aristotelem,
586 3239 755 3305 Cratinum
773 3244 819 3321 2),
842 3242 1050 3322 Pausaniam,
1073 3243 1217 3308 Polemo·

71 3366 154 3422 nem,
178 3343 396 3408 Plutarchum.
440 3341 553 3405 Liceat
574 3342 673 3425 igitur
696 3342 775 3408 mihi
798 3365 838 3409 ex
858 3343 909 3409 his
924 3351 1113 3428 argumenta
1127 3367 1218 3409 meae

72 3445 249 3509 sententiae
277 3443 451 3508 desumere.
515 3444 560 3507 Ac
589 3445 729 3527 primum
761 3445 890 3528 quidem
919 3448 1089 3512 Neumann
1119 3448 1216 3511 Arist.

72 3586 271 3597 ..ι-...ιι--σ-

143 3658 163 3724 ¹)
199 3654 361 3724 Euphorion
380 3653 453 3722 apud
472 3650 621 3721 Didymum
640 3650 675 3705 cf.
695 3651 859 3721 Harpocrat.
878 3670 899 3706 s.
912 3670 937 3705 r.
957 3648 972 3702 ὁ
990 3648 1116 3706 κάτωθεν
1131 3650 1217 3725 νόμος

72 3745 114 3798 ed.
133 3742 259 3798 Dindorl.
278 3759 304 3810 p.
318 3742 377 3794 220.

141 3831 164 3899 2)
201 3831 237 3884 de
257 3828 368 3883 Cratino
389 3828 495 3881 minore
521 3827 613 3896 cogito
636 3826 798 3880 recentioris
822 3827 979 3880 comoediae
1001 3830 1100 3895 po'e'ta,
1132 3843 1216 3895 quum

71 3936 127 3972 uon
144 3917 294 3971 verisimile
312 3916 365 3984 sit,
394 3915 452 3983 jam
471 3914 574 3969 Cratini
590 3914 703 3983 majoris
728 3918 851 3982 tempore
877 3913 923 3981 (cf.
942 3914 1041 3983 fragm.
1059 3914 1132 3967 infra
1151 3916 1216 3967 alla·

71 4007 141 4074 tum)
162 3999 267 4075 κύρβεις
284 4007 343 4056 tam
360 4003 446 4057 fuisse
464 4002 635 4070 destructos,
661 4019 777 4070 quorum
796 4001 962 4071 particulae,
989 4006 1021 4055 ut
1038 4001 1158 4056 comicus
1176 4001 1216 4057 di·

74 4092 126 4161 cit,
146 4092 181 4145 ad
198 4092 331 4145 hordeum
349 4090 506 4161 frigendum
524 4093 637 4159 possent
655 4089 779 4143 cremari.
