<?xml version="1.0" encoding="UTF-8"?>
<!DOCTYPE html PUBLIC "-//W3C//DTD XHTML 1.0 Transitional//EN"
    "http://www.w3.org/TR/xhtml1/DTD/xhtml1-transitional.dtd">
<html xmlns="http://www.w3.org/1999/xhtml" xml:lang="en" lang="en">
 <head>
  <title>
</title>
<meta http-equiv="Content-Type" content="text/html;charset=utf-8" />
  <meta name='ocr-system' content='tesseract 3.04.00' />
  <meta name='ocr-capabilities' content='ocr_page ocr_carea ocr_par ocr_line ocrx_word'/>
</head>
<body>
  <div class='ocr_page' id='page_1' title='image "./deparasitisapud00kampgoog_0038.png"; bbox 0 0 2750 4575; ppageno 0'>
   <div class='ocr_carea' id='block_1_1' title="bbox 673 210 714 269">
    <p class='ocr_par' dir='ltr' id='par_1_1' title="bbox 673 210 714 269">
     <span class='ocr_line' id='line_1_1' title="bbox 673 210 714 269; baseline 0 0"><span class='ocrx_word' id='word_1_1' title='bbox 673 210 714 269; x_wconf 86' lang='grc'>34</span> 
     </span>
    </p>
   </div>
   <div class='ocr_carea' id='block_1_2' title="bbox 106 392 1355 3151">
    <p class='ocr_par' dir='ltr' id='par_1_2' title="bbox 118 392 1264 489">
     <span class='ocr_line' id='line_1_2' title="bbox 118 392 1264 489; baseline 0.005 -27"><span class='ocrx_word' id='word_1_2' title='bbox 118 392 241 479; x_wconf 81' lang='grc' dir='ltr'><em>χίντων</em></span> <span class='ocrx_word' id='word_1_3' title='bbox 264 396 343 461; x_wconf 91' lang='lat' dir='ltr'>nihil</span> <span class='ocrx_word' id='word_1_4' title='bbox 365 395 566 479; x_wconf 80' lang='lat' dir='ltr'><strong>respondeat.</strong></span> <span class='ocrx_word' id='word_1_5' title='bbox 612 394 691 474; x_wconf 84' lang='lat' dir='ltr'>Sed,</span> <span class='ocrx_word' id='word_1_6' title='bbox 714 396 748 459; x_wconf 91' lang='lat' dir='ltr'>ni</span> <span class='ocrx_word' id='word_1_7' title='bbox 769 394 880 476; x_wconf 86' lang='lat' dir='ltr'>fallor,</span> <span class='ocrx_word' id='word_1_8' title='bbox 903 398 1057 464; x_wconf 85' lang='lat' dir='ltr'>vocabulo</span> <span class='ocrx_word' id='word_1_9' title='bbox 1079 424 1116 466; x_wconf 81' lang='lat' dir='ltr'>re</span> <span class='ocrx_word' id='word_1_10' title='bbox 1136 424 1264 489; x_wconf 91' lang='lat' dir='ltr'>respon·</span> 
     </span>
    </p>

    <p class='ocr_par' dir='ltr' id='par_1_3' title="bbox 121 495 1264 589">
     <span class='ocr_line' id='line_1_3' title="bbox 121 495 1264 589; baseline 0.006 -25"><span class='ocrx_word' id='word_1_11' title='bbox 121 499 176 564; x_wconf 93' lang='lat' dir='ltr'>det</span> <span class='ocrx_word' id='word_1_12' title='bbox 204 495 260 564; x_wconf 82' lang='grc' dir='ltr'>καί</span> <span class='ocrx_word' id='word_1_13' title='bbox 288 503 361 584; x_wconf 90' lang='lat' dir='ltr'>post</span> <span class='ocrx_word' id='word_1_14' title='bbox 389 495 608 578; x_wconf 68' lang='grc' dir='ltr'>καθιζιῦνται,</span> <span class='ocrx_word' id='word_1_15' title='bbox 639 497 820 581; x_wconf 89' lang='lat' dir='ltr'>quodcum</span> <span class='ocrx_word' id='word_1_16' title='bbox 843 499 1088 568; x_wconf 90' lang='lat' dir='ltr'>Prellerusnon</span> <span class='ocrx_word' id='word_1_17' title='bbox 1112 507 1264 589; x_wconf 86' lang='lat' dir='ltr'>neglexis-</span> 
     </span>
    </p>

    <p class='ocr_par' dir='ltr' id='par_1_4' title="bbox 117 598 1297 792">
     <span class='ocr_line' id='line_1_4' title="bbox 119 598 1297 685; baseline 0.007 -20"><span class='ocrx_word' id='word_1_18' title='bbox 119 609 168 667; x_wconf 90' lang='lat' dir='ltr'>set</span> <span class='ocrx_word' id='word_1_19' title='bbox 189 602 272 666; x_wconf 88' lang='lat' dir='ltr'>falsa</span> <span class='ocrx_word' id='word_1_20' title='bbox 293 601 556 685; x_wconf 81' lang='lat' dir='ltr'>interpretatione</span> <span class='ocrx_word' id='word_1_21' title='bbox 579 600 698 681; x_wconf 84' lang='lat' dir='ltr'>effecit,</span> <span class='ocrx_word' id='word_1_22' title='bbox 728 607 765 664; x_wconf 89' lang='lat' dir='ltr'>ut</span> <span class='ocrx_word' id='word_1_23' title='bbox 787 600 847 665; x_wconf 93' lang='lat' dir='ltr'>hoc</span> <span class='ocrx_word' id='word_1_24' title='bbox 868 598 925 666; x_wconf 84' lang='grc' dir='ltr'>καί</span> <span class='ocrx_word' id='word_1_25' title='bbox 946 603 988 668; x_wconf 88' lang='lat' dir='ltr'>ad</span> <span class='ocrx_word' id='word_1_26' title='bbox 1010 627 1047 669; x_wconf 78' lang='lat' dir='ltr'>re</span> <span class='ocrx_word' id='word_1_27' title='bbox 1067 605 1180 671; x_wconf 88' lang='lat' dir='ltr'>referri</span> <span class='ocrx_word' id='word_1_28' title='bbox 1202 631 1263 674; x_wconf 91' lang='lat' dir='ltr'>nou</span> <span class='ocrx_word' id='word_1_29' title='bbox 1294 615 1297 623; x_wconf 87' lang='lat'>&#39;</span> 
     </span>
     <span class='ocr_line' id='line_1_5' title="bbox 117 703 1264 792; baseline 0.006 -23"><span class='ocrx_word' id='word_1_30' title='bbox 117 706 227 788; x_wconf 86' lang='lat' dir='ltr'>possit.</span> <span class='ocrx_word' id='word_1_31' title='bbox 278 704 357 768; x_wconf 88' lang='lat' dir='ltr'>Cum</span> <span class='ocrx_word' id='word_1_32' title='bbox 381 705 467 768; x_wconf 92' lang='lat' dir='ltr'>enim</span> <span class='ocrx_word' id='word_1_33' title='bbox 490 703 680 784; x_wconf 83' lang='lat' dir='ltr'>contendat,</span> <span class='ocrx_word' id='word_1_34' title='bbox 714 705 873 787; x_wconf 79' lang='lat' dir='ltr'>parasitos</span> <span class='ocrx_word' id='word_1_35' title='bbox 896 727 959 770; x_wconf 91' lang='lat' dir='ltr'>non</span> <span class='ocrx_word' id='word_1_36' title='bbox 983 728 1003 771; x_wconf 92' lang='lat' dir='ltr'>a</span> <span class='ocrx_word' id='word_1_37' title='bbox 1024 710 1175 792; x_wconf 86' lang='lat' dir='ltr'>paganis,</span> <span class='ocrx_word' id='word_1_38' title='bbox 1209 711 1264 776; x_wconf 91' lang='lat' dir='ltr'>sed</span> 
     </span>
    </p>

    <p class='ocr_par' dir='ltr' id='par_1_5' title="bbox 118 806 1263 893">
     <span class='ocr_line' id='line_1_6' title="bbox 118 806 1263 893; baseline 0.006 -22"><span class='ocrx_word' id='word_1_39' title='bbox 118 807 159 872; x_wconf 91' lang='lat' dir='ltr'>ab</span> <span class='ocrx_word' id='word_1_40' title='bbox 181 806 388 872; x_wconf 83' lang='lat' dir='ltr'>archontibus</span> <span class='ocrx_word' id='word_1_41' title='bbox 410 811 534 871; x_wconf 89' lang='lat' dir='ltr'>creatos</span> <span class='ocrx_word' id='word_1_42' title='bbox 556 827 633 883; x_wconf 87' lang='lat' dir='ltr'>esse,</span> <span class='ocrx_word' id='word_1_43' title='bbox 656 807 753 870; x_wconf 84' lang='lat' dir='ltr'>vertit</span> <span class='ocrx_word' id='word_1_44' title='bbox 775 806 834 871; x_wconf 92' lang='lat' dir='ltr'>hoc</span> <span class='ocrx_word' id='word_1_45' title='bbox 849 807 915 871; x_wconf 82' lang='lat' dir='ltr'>fere</span> <span class='ocrx_word' id='word_1_46' title='bbox 936 808 1047 874; x_wconf 91' lang='lat' dir='ltr'>modo:</span> <span class='ocrx_word' id='word_1_47' title='bbox 1071 820 1183 877; x_wconf 87' lang='lat' dir='ltr'>curato</span> <span class='ocrx_word' id='word_1_48' title='bbox 1198 835 1263 893; x_wconf 84' lang='lat' dir='ltr'>rex,</span> 
     </span>
    </p>

    <p class='ocr_par' dir='ltr' id='par_1_6' title="bbox 115 909 1265 1307">
     <span class='ocr_line' id='line_1_7' title="bbox 117 909 1262 997; baseline 0.004 -22"><span class='ocrx_word' id='word_1_49' title='bbox 117 915 154 975; x_wconf 92' lang='lat' dir='ltr'>ut</span> <span class='ocrx_word' id='word_1_50' title='bbox 175 909 345 974; x_wconf 88' lang='lat' dir='ltr'>archontes</span> <span class='ocrx_word' id='word_1_51' title='bbox 366 909 546 992; x_wconf 85' lang='lat' dir='ltr'>eligantur,</span> <span class='ocrx_word' id='word_1_52' title='bbox 576 909 631 992; x_wconf 90' lang='lat' dir='ltr'>qui</span> <span class='ocrx_word' id='word_1_53' title='bbox 653 910 812 992; x_wconf 88' lang='lat' dir='ltr'>parasitos</span> <span class='ocrx_word' id='word_1_54' title='bbox 835 929 852 973; x_wconf 90' lang='lat' dir='ltr'>e</span> <span class='ocrx_word' id='word_1_55' title='bbox 875 911 1008 993; x_wconf 89' lang='lat' dir='ltr'>singulis</span> <span class='ocrx_word' id='word_1_56' title='bbox 1030 915 1122 997; x_wconf 83' lang='lat' dir='ltr'>pagis</span> <span class='ocrx_word' id='word_1_57' title='bbox 1144 922 1262 980; x_wconf 83' lang='lat' dir='ltr'>creent.</span> 
     </span>
     <span class='ocr_line' id='line_1_8' title="bbox 116 1010 1265 1096; baseline 0.005 -19"><span class='ocrx_word' id='word_1_58' title='bbox 116 1011 228 1095; x_wconf 88' lang='lat' dir='ltr'>Neque</span> <span class='ocrx_word' id='word_1_59' title='bbox 258 1034 332 1079; x_wconf 87' lang='lat' dir='ltr'>vcro</span> <span class='ocrx_word' id='word_1_60' title='bbox 362 1011 538 1096; x_wconf 88' lang='lat' dir='ltr'>quidquam</span> <span class='ocrx_word' id='word_1_61' title='bbox 568 1010 732 1094; x_wconf 90' lang='lat' dir='ltr'>prohibet,</span> <span class='ocrx_word' id='word_1_62' title='bbox 755 1012 925 1094; x_wconf 90' lang='lat' dir='ltr'>quominus</span> <span class='ocrx_word' id='word_1_63' title='bbox 948 1021 1124 1080; x_wconf 85' lang='lat' dir='ltr'>vertamus:</span> <span class='ocrx_word' id='word_1_64' title='bbox 1153 1025 1265 1084; x_wconf 89' lang='lat' dir='ltr'>curato</span> 
     </span>
     <span class='ocr_line' id='line_1_9' title="bbox 116 1114 1265 1205; baseline 0.008 -27"><span class='ocrx_word' id='word_1_65' title='bbox 116 1135 183 1194; x_wconf 86' lang='lat' dir='ltr'>rex,</span> <span class='ocrx_word' id='word_1_66' title='bbox 204 1120 242 1177; x_wconf 95' lang='lat' dir='ltr'>ut</span> <span class='ocrx_word' id='word_1_67' title='bbox 264 1114 434 1179; x_wconf 85' lang='lat' dir='ltr'>archontes</span> <span class='ocrx_word' id='word_1_68' title='bbox 455 1114 695 1179; x_wconf 87' lang='lat' dir='ltr'>constituantur</span> <span class='ocrx_word' id='word_1_69' title='bbox 716 1118 749 1177; x_wconf 89' lang='lat' dir='ltr'>et</span> <span class='ocrx_word' id='word_1_70' title='bbox 770 1118 807 1176; x_wconf 90' lang='lat' dir='ltr'>ut</span> <span class='ocrx_word' id='word_1_71' title='bbox 829 1115 964 1198; x_wconf 88' lang='lat' dir='ltr'>parasiti</span> <span class='ocrx_word' id='word_1_72' title='bbox 986 1137 1003 1179; x_wconf 92' lang='lat' dir='ltr'>e</span> <span class='ocrx_word' id='word_1_73' title='bbox 1025 1119 1159 1203; x_wconf 88' lang='lat' dir='ltr'>singulis</span> <span class='ocrx_word' id='word_1_74' title='bbox 1173 1124 1265 1205; x_wconf 82' lang='lat' dir='ltr'>pagis</span> 
     </span>
     <span class='ocr_line' id='line_1_10' title="bbox 115 1215 1265 1307; baseline 0.009 -27"><span class='ocrx_word' id='word_1_75' title='bbox 115 1216 277 1299; x_wconf 83' lang='lat' dir='ltr'>eligantur</span> <span class='ocrx_word' id='word_1_76' title='bbox 296 1220 332 1300; x_wconf 72' lang='grc'>1).</span> <span class='ocrx_word' id='word_1_77' title='bbox 376 1216 457 1282; x_wconf 89' lang='grc' dir='ltr'>Τιιιιι</span> <span class='ocrx_word' id='word_1_78' title='bbox 485 1216 565 1281; x_wconf 92' lang='lat' dir='ltr'>nihil</span> <span class='ocrx_word' id='word_1_79' title='bbox 593 1215 796 1280; x_wconf 88' lang='lat' dir='ltr'>desideratur</span> <span class='ocrx_word' id='word_1_80' title='bbox 825 1223 857 1280; x_wconf 89' lang='lat' dir='ltr'>et</span> <span class='ocrx_word' id='word_1_81' title='bbox 883 1238 1079 1302; x_wconf 91' lang='lat' dir='ltr'>quamquam</span> <span class='ocrx_word' id='word_1_82' title='bbox 1106 1243 1165 1305; x_wconf 91' lang='lat' dir='ltr'>ego</span> <span class='ocrx_word' id='word_1_83' title='bbox 1187 1245 1265 1307; x_wconf 91' lang='lat' dir='ltr'>quo·</span> 
     </span>
    </p>

    <p class='ocr_par' dir='ltr' id='par_1_7' title="bbox 117 1314 1264 1404">
     <span class='ocr_line' id='line_1_11' title="bbox 117 1314 1264 1404; baseline 0.007 -22"><span class='ocrx_word' id='word_1_84' title='bbox 117 1341 179 1402; x_wconf 93' lang='lat' dir='ltr'>que</span> <span class='ocrx_word' id='word_1_85' title='bbox 209 1319 358 1384; x_wconf 89' lang='lat' dir='ltr'>lacunam</span> <span class='ocrx_word' id='word_1_86' title='bbox 387 1325 460 1404; x_wconf 92' lang='lat' dir='ltr'>post</span> <span class='ocrx_word' id='word_1_87' title='bbox 490 1314 532 1384; x_wconf 74' lang='grc' dir='ltr'>τὰ</span> <span class='ocrx_word' id='word_1_88' title='bbox 560 1315 763 1404; x_wconf 77' lang='grc' dir='ltr'><em>γεγραμμένα</em></span> <span class='ocrx_word' id='word_1_89' title='bbox 792 1324 915 1400; x_wconf 85' lang='lat' dir='ltr'>statuo,</span> <span class='ocrx_word' id='word_1_90' title='bbox 949 1320 1046 1385; x_wconf 89' lang='lat' dir='ltr'>aliam</span> <span class='ocrx_word' id='word_1_91' title='bbox 1069 1324 1110 1388; x_wconf 92' lang='lat' dir='ltr'>ob</span> <span class='ocrx_word' id='word_1_92' title='bbox 1133 1346 1264 1390; x_wconf 85' lang='lat' dir='ltr'>causam</span> 
     </span>
    </p>

    <p class='ocr_par' dir='ltr' id='par_1_8' title="bbox 115 1419 1266 1512">
     <span class='ocr_line' id='line_1_12' title="bbox 115 1419 1266 1512; baseline 0.007 -27"><span class='ocrx_word' id='word_1_93' title='bbox 115 1420 176 1485; x_wconf 93' lang='lat' dir='ltr'>hoc</span> <span class='ocrx_word' id='word_1_94' title='bbox 198 1421 290 1486; x_wconf 85' lang='lat' dir='ltr'>facio.</span> <span class='ocrx_word' id='word_1_95' title='bbox 341 1422 564 1501; x_wconf 83' lang='lat' dir='ltr'>Quaerendum</span> <span class='ocrx_word' id='word_1_96' title='bbox 588 1429 637 1485; x_wconf 91' lang='lat' dir='ltr'>est</span> <span class='ocrx_word' id='word_1_97' title='bbox 659 1427 785 1500; x_wconf 89' lang='lat' dir='ltr'>autem,</span> <span class='ocrx_word' id='word_1_98' title='bbox 818 1422 950 1504; x_wconf 91' lang='lat' dir='ltr'>quinam</span> <span class='ocrx_word' id='word_1_99' title='bbox 971 1421 1092 1490; x_wconf 86' lang='lat' dir='ltr'>fuerint</span> <span class='ocrx_word' id='word_1_100' title='bbox 1113 1419 1266 1512; x_wconf 68' lang='grc' dir='ltr'><em>ἄρχοντες</em></span> 
     </span>
    </p>

    <p class='ocr_par' dir='ltr' id='par_1_9' title="bbox 106 1521 1355 3151">
     <span class='ocr_line' id='line_1_13' title="bbox 115 1521 1265 1614; baseline 0.008 -27"><span class='ocrx_word' id='word_1_101' title='bbox 115 1522 178 1603; x_wconf 83' lang='grc'>1111,</span> <span class='ocrx_word' id='word_1_102' title='bbox 212 1544 288 1587; x_wconf 89' lang='lat' dir='ltr'>nam</span> <span class='ocrx_word' id='word_1_103' title='bbox 310 1523 349 1588; x_wconf 88' lang='lat' dir='ltr'>de</span> <span class='ocrx_word' id='word_1_104' title='bbox 371 1524 577 1589; x_wconf 87' lang='lat' dir='ltr'>archontibus</span> <span class='ocrx_word' id='word_1_105' title='bbox 598 1523 645 1587; x_wconf 90' lang='lat' dir='ltr'>rei</span> <span class='ocrx_word' id='word_1_106' title='bbox 667 1521 813 1605; x_wconf 86' lang='lat' dir='ltr'>publicae</span> <span class='ocrx_word' id='word_1_107' title='bbox 835 1524 969 1607; x_wconf 86' lang='lat' dir='ltr'>cogitari</span> <span class='ocrx_word' id='word_1_108' title='bbox 991 1548 1056 1591; x_wconf 91' lang='lat' dir='ltr'>non</span> <span class='ocrx_word' id='word_1_109' title='bbox 1078 1550 1170 1612; x_wconf 89' lang='lat' dir='ltr'>posse</span> <span class='ocrx_word' id='word_1_110' title='bbox 1193 1531 1265 1614; x_wconf 85' lang='lat' dir='ltr'>jam</span> 
     </span>
     <span class='ocr_line' id='line_1_14' title="bbox 116 1625 1264 1710; baseline 0.006 -20"><span class='ocrx_word' id='word_1_111' title='bbox 116 1626 239 1690; x_wconf 89' lang='lat' dir='ltr'>Petitus</span> <span class='ocrx_word' id='word_1_112' title='bbox 256 1629 284 1710; x_wconf 86' lang='grc'>2)</span> <span class='ocrx_word' id='word_1_113' title='bbox 306 1627 395 1690; x_wconf 87' lang='lat' dir='ltr'>vidit.</span> <span class='ocrx_word' id='word_1_114' title='bbox 440 1627 560 1691; x_wconf 83' lang='lat' dir='ltr'>Verum</span> <span class='ocrx_word' id='word_1_115' title='bbox 582 1626 706 1689; x_wconf 84' lang='lat' dir='ltr'>invenit</span> <span class='ocrx_word' id='word_1_116' title='bbox 728 1625 897 1705; x_wconf 83' lang='lat' dir='ltr'>Prellerus‚</span> <span class='ocrx_word' id='word_1_117' title='bbox 921 1628 975 1710; x_wconf 89' lang='lat' dir='ltr'>qui</span> <span class='ocrx_word' id='word_1_118' title='bbox 998 1630 1032 1693; x_wconf 91' lang='lat' dir='ltr'>iu</span> <span class='ocrx_word' id='word_1_119' title='bbox 1054 1631 1264 1697; x_wconf 87' lang='lat' dir='ltr'>adnotatione</span> 
     </span>
     <span class='ocr_line' id='line_1_15' title="bbox 115 1723 1265 1815; baseline 0.008 -24"><span class='ocrx_word' id='word_1_120' title='bbox 115 1727 221 1794; x_wconf 86' lang='lat' dir='ltr'>addit:</span> <span class='ocrx_word' id='word_1_121' title='bbox 245 1732 310 1793; x_wconf 80' lang='grc' dir='ltr'>τῶν</span> <span class='ocrx_word' id='word_1_122' title='bbox 333 1723 435 1814; x_wconf 79' lang='grc' dir='ltr'><em>ἱερῶν,</em></span> <span class='ocrx_word' id='word_1_123' title='bbox 460 1728 516 1794; x_wconf 91' lang='lat' dir='ltr'>sed</span> <span class='ocrx_word' id='word_1_124' title='bbox 538 1728 619 1793; x_wconf 89' lang='lat' dir='ltr'>nihil</span> <span class='ocrx_word' id='word_1_125' title='bbox 643 1728 682 1791; x_wconf 91' lang='lat' dir='ltr'>de</span> <span class='ocrx_word' id='word_1_126' title='bbox 705 1728 751 1791; x_wconf 89' lang='lat' dir='ltr'>eis</span> <span class='ocrx_word' id='word_1_127' title='bbox 772 1726 863 1807; x_wconf 84' lang='lat' dir='ltr'>dixit,</span> <span class='ocrx_word' id='word_1_128' title='bbox 886 1750 984 1812; x_wconf 88' lang='lat' dir='ltr'>quare</span> <span class='ocrx_word' id='word_1_129' title='bbox 1007 1735 1084 1815; x_wconf 91' lang='lat' dir='ltr'>quia</span> <span class='ocrx_word' id='word_1_130' title='bbox 1105 1756 1171 1798; x_wconf 90' lang='lat' dir='ltr'>una</span> <span class='ocrx_word' id='word_1_131' title='bbox 1190 1756 1265 1799; x_wconf 91' lang='lat' dir='ltr'>cum</span> 
     </span>
     <span class='ocr_line' id='line_1_16' title="bbox 113 1829 1355 1920; baseline 0.006 -26"><span class='ocrx_word' id='word_1_132' title='bbox 113 1832 264 1914; x_wconf 90' lang='lat' dir='ltr'>parasitis</span> <span class='ocrx_word' id='word_1_133' title='bbox 286 1832 477 1916; x_wconf 88' lang='lat' dir='ltr'>compluries</span> <span class='ocrx_word' id='word_1_134' title='bbox 500 1832 707 1895; x_wconf 89' lang='lat' dir='ltr'>nominantur</span> <span class='ocrx_word' id='word_1_135' title='bbox 729 1829 897 1896; x_wconf 87' lang='lat' dir='ltr'>archontes</span> <span class='ocrx_word' id='word_1_136' title='bbox 919 1839 951 1896; x_wconf 90' lang='lat' dir='ltr'>et</span> <span class='ocrx_word' id='word_1_137' title='bbox 973 1834 1100 1900; x_wconf 89' lang='lat' dir='ltr'>vinculo</span> <span class='ocrx_word' id='word_1_138' title='bbox 1122 1837 1265 1920; x_wconf 91' lang='lat' dir='ltr'>quodam</span> <span class='ocrx_word' id='word_1_139' title='bbox 1354 1842 1355 1871; x_wconf 81' lang='lat'>³</span> 
     </span>
     <span class='ocr_line' id='line_1_17' title="bbox 114 1931 1265 2020; baseline 0.005 -22"><span class='ocrx_word' id='word_1_140' title='bbox 114 1955 185 1998; x_wconf 91' lang='lat' dir='ltr'>cum</span> <span class='ocrx_word' id='word_1_141' title='bbox 202 1936 247 2000; x_wconf 88' lang='lat' dir='ltr'>eis</span> <span class='ocrx_word' id='word_1_142' title='bbox 264 1935 435 1999; x_wconf 88' lang='lat' dir='ltr'>cohaerere</span> <span class='ocrx_word' id='word_1_143' title='bbox 458 1934 616 2012; x_wconf 85' lang='lat' dir='ltr'>videntur,</span> <span class='ocrx_word' id='word_1_144' title='bbox 638 1931 749 2016; x_wconf 89' lang='lat' dir='ltr'>paullo</span> <span class='ocrx_word' id='word_1_145' title='bbox 772 1933 870 1997; x_wconf 91' lang='lat' dir='ltr'>latius</span> <span class='ocrx_word' id='word_1_146' title='bbox 894 1933 933 1998; x_wconf 94' lang='lat' dir='ltr'>de</span> <span class='ocrx_word' id='word_1_147' title='bbox 957 1935 1002 1999; x_wconf 88' lang='lat' dir='ltr'>eis</span> <span class='ocrx_word' id='word_1_148' title='bbox 1024 1947 1265 2020; x_wconf 88' lang='lat' dir='ltr'>perscrutemur</span> 
     </span>
     <span class='ocr_line' id='line_1_18' title="bbox 113 2035 1266 2119; baseline 0.006 -19"><span class='ocrx_word' id='word_1_149' title='bbox 113 2057 241 2101; x_wconf 88' lang='lat' dir='ltr'>necesse</span> <span class='ocrx_word' id='word_1_150' title='bbox 263 2037 404 2102; x_wconf 77' lang='lat' dir='ltr'>estin</span> <span class='ocrx_word' id='word_1_151' title='bbox 433 2037 633 2113; x_wconf 88' lang='lat' dir='ltr'>universum,</span> <span class='ocrx_word' id='word_1_152' title='bbox 664 2035 846 2119; x_wconf 90' lang='lat' dir='ltr'>quicunque</span> <span class='ocrx_word' id='word_1_153' title='bbox 877 2036 1009 2119; x_wconf 91' lang='lat' dir='ltr'>collegio</span> <span class='ocrx_word' id='word_1_154' title='bbox 1036 2040 1085 2104; x_wconf 89' lang='lat' dir='ltr'>vel</span> <span class='ocrx_word' id='word_1_155' title='bbox 1116 2043 1266 2107; x_wconf 89' lang='lat' dir='ltr'>societati</span> 
     </span>
     <span class='ocr_line' id='line_1_19' title="bbox 113 2137 1355 2239; baseline 0.006 -38"><span class='ocrx_word' id='word_1_156' title='bbox 113 2145 286 2222; x_wconf 88' lang='lat' dir='ltr'>praeerant</span> <span class='ocrx_word' id='word_1_157' title='bbox 314 2138 486 2221; x_wconf 88' lang='lat' dir='ltr'>significari</span> <span class='ocrx_word' id='word_1_158' title='bbox 517 2139 577 2203; x_wconf 91' lang='lat' dir='ltr'>hoo</span> <span class='ocrx_word' id='word_1_159' title='bbox 608 2137 736 2202; x_wconf 91' lang='lat' dir='ltr'>nomine</span> <span class='ocrx_word' id='word_1_160' title='bbox 766 2144 939 2220; x_wconf 89' lang='lat' dir='ltr'>potuerunt</span> <span class='ocrx_word' id='word_1_161' title='bbox 953 2142 999 2221; x_wconf 82' lang='lat'>3),</span> <span class='ocrx_word' id='word_1_162' title='bbox 1029 2141 1085 2204; x_wconf 89' lang='lat' dir='ltr'>sed</span> <span class='ocrx_word' id='word_1_163' title='bbox 1112 2144 1265 2224; x_wconf 85' lang='lat' dir='ltr'>maxime,</span> <span class='ocrx_word' id='word_1_164' title='bbox 1354 2228 1355 2239; x_wconf 10' lang='grc' dir='ltr'><em>γ</em></span> 
     </span>
     <span class='ocr_line' id='line_1_20' title="bbox 113 2233 1265 2330; baseline 0.007 -25"><span class='ocrx_word' id='word_1_165' title='bbox 113 2240 168 2306; x_wconf 91' lang='lat' dir='ltr'>ubi</span> <span class='ocrx_word' id='word_1_166' title='bbox 190 2240 251 2306; x_wconf 90' lang='lat' dir='ltr'>hoc</span> <span class='ocrx_word' id='word_1_167' title='bbox 273 2242 493 2307; x_wconf 88' lang='lat' dir='ltr'>vocabulum</span> <span class='ocrx_word' id='word_1_168' title='bbox 484 2241 671 2320; x_wconf 86' lang='lat' dir='ltr'>rnvenimns,</span> <span class='ocrx_word' id='word_1_169' title='bbox 696 2240 735 2305; x_wconf 92' lang='lat' dir='ltr'>de</span> <span class='ocrx_word' id='word_1_170' title='bbox 758 2233 829 2304; x_wconf 72' lang='grc' dir='ltr'>κατ’</span> <span class='ocrx_word' id='word_1_171' title='bbox 851 2236 962 2330; x_wconf 77' lang='grc' dir='ltr'><strong><em>ἐξοχὴν</em></strong></span> <span class='ocrx_word' id='word_1_172' title='bbox 985 2243 1103 2309; x_wconf 89' lang='lat' dir='ltr'>archon</span> <span class='ocrx_word' id='word_1_173' title='bbox 1107 2245 1192 2311; x_wconf 92' lang='lat' dir='ltr'>tibus</span> <span class='ocrx_word' id='word_1_174' title='bbox 1213 2248 1265 2313; x_wconf 92' lang='lat' dir='ltr'>rei</span> 
     </span>
     <span class='ocr_line' id='line_1_21' title="bbox 109 2339 1354 2463; baseline 0.006 -55"><span class='ocrx_word' id='word_1_175' title='bbox 109 2343 315 2463; x_wconf 81' lang='lat' dir='ltr'>publicaet</span> <span class='ocrx_word' id='word_1_176' title='bbox 274 2346 298 2408; x_wconf 86' lang='grc' dir='ltr'>Α</span> <span class='ocrx_word' id='word_1_177' title='bbox 302 2345 517 2410; x_wconf 90' lang='lat' dir='ltr'>theniensium</span> <span class='ocrx_word' id='word_1_178' title='bbox 539 2350 675 2461; x_wconf 84' lang='lat' dir='ltr'>usurpat</span> <span class='ocrx_word' id='word_1_179' title='bbox 677 2366 731 2407; x_wconf 93' lang='grc' dir='ltr'>ιιιιι</span> <span class='ocrx_word' id='word_1_180' title='bbox 755 2349 812 2407; x_wconf 88' lang='lat' dir='ltr'>est.</span> <span class='ocrx_word' id='word_1_181' title='bbox 858 2345 1074 2440; x_wconf 84' lang='lat' dir='ltr'>Nominantur</span> <span class='ocrx_word' id='word_1_182' title='bbox 1094 2359 1185 2431; x_wconf 89' lang='lat' dir='ltr'>praet</span> <span class='ocrx_word' id='word_1_183' title='bbox 1187 2370 1265 2414; x_wconf 89' lang='lat' dir='ltr'>crea</span> <span class='ocrx_word' id='word_1_184' title='bbox 1353 2339 1354 2386; x_wconf 76' lang='lat' dir='ltr'>l</span> 
     </span>
     <span class='ocr_line' id='line_1_22' title="bbox 110 2436 1265 2533; baseline 0.008 -24"><span class='ocrx_word' id='word_1_185' title='bbox 110 2436 261 2533; x_wconf 75' lang='grc' dir='ltr'><em>ἷίρχοντες</em></span> <span class='ocrx_word' id='word_1_186' title='bbox 281 2451 346 2512; x_wconf 81' lang='grc' dir='ltr'>τῶν</span> <span class='ocrx_word' id='word_1_187' title='bbox 368 2445 475 2532; x_wconf 85' lang='grc' dir='ltr'><em>γένων,</em></span> <span class='ocrx_word' id='word_1_188' title='bbox 500 2448 584 2531; x_wconf 89' lang='lat' dir='ltr'>qui</span> <span class='ocrx_word' id='word_1_189' title='bbox 579 2447 778 2529; x_wconf 87' lang='lat' dir='ltr'>singularum</span> <span class='ocrx_word' id='word_1_190' title='bbox 801 2455 988 2528; x_wconf 84' lang='lat' dir='ltr'>praeessent</span> <span class='ocrx_word' id='word_1_191' title='bbox 1010 2451 1154 2530; x_wconf 89' lang='lat' dir='ltr'>gentium</span> <span class='ocrx_word' id='word_1_192' title='bbox 1176 2474 1265 2518; x_wconf 89' lang='lat' dir='ltr'>oom-</span> 
     </span>
     <span class='ocr_line' id='line_1_23' title="bbox 110 2549 1265 2633; baseline 0.007 -21"><span class='ocrx_word' id='word_1_193' title='bbox 110 2551 260 2616; x_wconf 89' lang='lat' dir='ltr'>munibus</span> <span class='ocrx_word' id='word_1_194' title='bbox 282 2553 382 2615; x_wconf 89' lang='lat' dir='ltr'>sacris</span> <span class='ocrx_word' id='word_1_195' title='bbox 404 2552 464 2616; x_wconf 92' lang='lat' dir='ltr'>rite</span> <span class='ocrx_word' id='word_1_196' title='bbox 434 2549 698 2614; x_wconf 86' lang='lat' dir='ltr'>tceleb1.andis</span> <span class='ocrx_word' id='word_1_197' title='bbox 753 2550 857 2627; x_wconf 82' lang='lat' dir='ltr'>Quam</span> <span class='ocrx_word' id='word_1_198' title='bbox 885 2571 952 2613; x_wconf 93' lang='lat' dir='ltr'>rem</span> <span class='ocrx_word' id='word_1_199' title='bbox 983 2554 1101 2633; x_wconf 88' lang='lat' dir='ltr'>optime</span> <span class='ocrx_word' id='word_1_200' title='bbox 1130 2553 1265 2620; x_wconf 90' lang='lat' dir='ltr'>demon·</span> 
     </span>
     <span class='ocr_line' id='line_1_24' title="bbox 109 2651 1263 2741; baseline 0.007 -26"><span class='ocrx_word' id='word_1_201' title='bbox 109 2658 193 2715; x_wconf 89' lang='lat' dir='ltr'>strat</span> <span class='ocrx_word' id='word_1_202' title='bbox 214 2652 328 2716; x_wconf 90' lang='lat' dir='ltr'>titulus</span> <span class='ocrx_word' id='word_1_203' title='bbox 350 2652 499 2737; x_wconf 88' lang='lat' dir='ltr'>quidam,</span> <span class='ocrx_word' id='word_1_204' title='bbox 535 2674 631 2736; x_wconf 88' lang='lat' dir='ltr'>quem</span> <span class='ocrx_word' id='word_1_205' title='bbox 654 2652 794 2715; x_wconf 88' lang='lat' dir='ltr'>Meierus</span> <span class='ocrx_word' id='word_1_206' title='bbox 809 2655 837 2733; x_wconf 83' lang='lat'>4)</span> <span class='ocrx_word' id='word_1_207' title='bbox 860 2651 1034 2716; x_wconf 91' lang='lat' dir='ltr'>secundum</span> <span class='ocrx_word' id='word_1_208' title='bbox 1057 2654 1162 2719; x_wconf 89' lang='lat' dir='ltr'>Rossii</span> <span class='ocrx_word' id='word_1_209' title='bbox 1183 2677 1263 2741; x_wconf 94' lang='lat' dir='ltr'>apo-</span> 
     </span>
     <span class='ocr_line' id='line_1_25' title="bbox 111 2754 1354 2841; baseline 0.005 -23"><span class='ocrx_word' id='word_1_210' title='bbox 111 2754 269 2841; x_wconf 88' lang='lat' dir='ltr'>graphum</span> <span class='ocrx_word' id='word_1_211' title='bbox 290 2756 324 2819; x_wconf 93' lang='lat' dir='ltr'>in</span> <span class='ocrx_word' id='word_1_212' title='bbox 347 2756 510 2840; x_wconf 90' lang='lat' dir='ltr'>publicum</span> <span class='ocrx_word' id='word_1_213' title='bbox 533 2754 643 2835; x_wconf 89' lang='lat' dir='ltr'>edidit,</span> <span class='ocrx_word' id='word_1_214' title='bbox 669 2777 733 2838; x_wconf 92' lang='lat' dir='ltr'>quo</span> <span class='ocrx_word' id='word_1_215' title='bbox 755 2754 938 2818; x_wconf 82' lang='lat' dir='ltr'>continetur</span> <span class='ocrx_word' id='word_1_216' title='bbox 960 2754 1125 2838; x_wconf 88' lang='lat' dir='ltr'>catalogus</span> <span class='ocrx_word' id='word_1_217' title='bbox 1139 2779 1264 2840; x_wconf 87' lang='lat' dir='ltr'>eorum,</span> <span class='ocrx_word' id='word_1_218' title='bbox 1353 2759 1354 2766; x_wconf 62' lang='lat'><em>&#39;</em></span> 
     </span>
     <span class='ocr_line' id='line_1_26' title="bbox 110 2856 1354 2942; baseline 0.005 -21"><span class='ocrx_word' id='word_1_219' title='bbox 110 2858 165 2941; x_wconf 93' lang='lat' dir='ltr'>qui</span> <span class='ocrx_word' id='word_1_220' title='bbox 197 2858 239 2921; x_wconf 89' lang='lat' dir='ltr'>ad</span> <span class='ocrx_word' id='word_1_221' title='bbox 268 2866 394 2941; x_wconf 84' lang='lat' dir='ltr'>gentem</span> <span class='ocrx_word' id='word_1_222' title='bbox 418 2858 731 2942; x_wconf 80' lang='lat' dir='ltr'>Amynandridarum</span> <span class='ocrx_word' id='word_1_223' title='bbox 759 2856 974 2941; x_wconf 87' lang='lat' dir='ltr'>pertinebant.</span> <span class='ocrx_word' id='word_1_224' title='bbox 1027 2858 1160 2923; x_wconf 89' lang='lat' dir='ltr'>Initium</span> <span class='ocrx_word' id='word_1_225' title='bbox 1183 2861 1264 2927; x_wconf 85' lang='lat' dir='ltr'>affe·</span> <span class='ocrx_word' id='word_1_226' title='bbox 1353 2873 1354 2878; x_wconf 77' lang='grc'>’</span> 
     </span>
     <span class='ocr_line' id='line_1_27' title="bbox 109 2952 1262 3049; baseline 0.003 -26"><span class='ocrx_word' id='word_1_227' title='bbox 109 2980 195 3025; x_wconf 88' lang='lat' dir='ltr'>ram:</span> <span class='ocrx_word' id='word_1_228' title='bbox 223 2952 354 3048; x_wconf 65' lang='grc' dir='ltr'><em>Ἅγαθῇ</em></span> <span class='ocrx_word' id='word_1_229' title='bbox 383 2957 461 3049; x_wconf 77' lang='grc' dir='ltr'><strong><em>τύχῃ</em></strong></span> <span class='ocrx_word' id='word_1_230' title='bbox 487 2957 546 3026; x_wconf 76' lang='grc' dir='ltr'>ἐπὶ</span> <span class='ocrx_word' id='word_1_231' title='bbox 566 2953 689 3047; x_wconf 82' lang='grc' dir='ltr'><em>Ἀρείου</em></span> <span class='ocrx_word' id='word_1_232' title='bbox 712 2962 771 3024; x_wconf 82' lang='grc' dir='ltr'>τοῦ</span> <span class='ocrx_word' id='word_1_233' title='bbox 792 2953 969 3046; x_wconf 78' lang='grc' dir='ltr'><em>Δωρίωνος</em></span> <span class='ocrx_word' id='word_1_234' title='bbox 989 2959 1178 3039; x_wconf 81' lang='grc' dir='ltr'>Παιανιέως</span> <span class='ocrx_word' id='word_1_235' title='bbox 1200 2957 1262 3049; x_wconf 69' lang='lat' dir='ltr'>dp-</span> 
     </span>
     <span class='ocr_line' id='line_1_28' title="bbox 106 3053 1263 3151; baseline 0.001 -24"><span class='ocrx_word' id='word_1_236' title='bbox 106 3084 222 3143; x_wconf 86' lang='grc' dir='ltr'><em>χοντος</em></span> <span class='ocrx_word' id='word_1_237' title='bbox 248 3066 306 3150; x_wconf 79' lang='grc' dir='ltr'>τῆς</span> <span class='ocrx_word' id='word_1_238' title='bbox 328 3058 472 3144; x_wconf 79' lang='grc' dir='ltr'><em>πόλεως,</em></span> <span class='ocrx_word' id='word_1_239' title='bbox 506 3055 630 3151; x_wconf 67' lang='grc' dir='ltr'><em>ἔργων</em></span> <span class='ocrx_word' id='word_1_240' title='bbox 656 3066 727 3127; x_wconf 78' lang='grc' dir='ltr'>τοῦ</span> <span class='ocrx_word' id='word_1_241' title='bbox 753 3060 887 3146; x_wconf 79' lang='grc' dir='ltr'><em>γένους</em></span> <span class='ocrx_word' id='word_1_242' title='bbox 915 3064 974 3126; x_wconf 76' lang='grc' dir='ltr'>τοῦ</span> <span class='ocrx_word' id='word_1_243' title='bbox 996 3053 1263 3150; x_wconf 81' lang='grc' dir='ltr'>Ἅμινονδριδιῦν</span> 
     </span>
    </p>
   </div>
   <div class='ocr_carea' id='block_1_3' title="bbox 109 3226 310 3235">
    <p class='ocr_par' dir='ltr' id='par_1_10' title="bbox 109 3226 310 3235">
     <span class='ocr_line' id='line_1_29' title="bbox 109 3226 310 3235; baseline 0.005 -3"><span class='ocrx_word' id='word_1_244' title='bbox 109 3226 310 3235; x_wconf 46' lang='grc' dir='ltr'>-οω--η--η-..ι</span> 
     </span>
    </p>
   </div>
   <div class='ocr_carea' id='block_1_4' title="bbox 108 3306 1353 4177">
    <p class='ocr_par' dir='ltr' id='par_1_11' title="bbox 108 3306 1263 3730">
     <span class='ocr_line' id='line_1_30' title="bbox 181 3306 1263 3380; baseline 0.004 -19"><span class='ocrx_word' id='word_1_245' title='bbox 181 3309 201 3378; x_wconf 89' lang='grc' dir='ltr'>ι)</span> <span class='ocrx_word' id='word_1_246' title='bbox 238 3308 300 3363; x_wconf 88' lang='grc' dir='ltr'>Νοιι</span> <span class='ocrx_word' id='word_1_247' title='bbox 325 3326 379 3377; x_wconf 92' lang='lat' dir='ltr'>quo</span> <span class='ocrx_word' id='word_1_248' title='bbox 404 3311 535 3380; x_wconf 72' lang='grc' dir='ltr'>αἱρῶνται</span> <span class='ocrx_word' id='word_1_249' title='bbox 560 3326 611 3377; x_wconf 93' lang='lat' dir='ltr'>pro</span> <span class='ocrx_word' id='word_1_250' title='bbox 636 3309 745 3376; x_wconf 88' lang='lat' dir='ltr'>passivo</span> <span class='ocrx_word' id='word_1_251' title='bbox 770 3308 918 3376; x_wconf 89' lang='lat' dir='ltr'>accipiam,</span> <span class='ocrx_word' id='word_1_252' title='bbox 948 3308 995 3359; x_wconf 86' lang='lat' dir='ltr'>sed</span> <span class='ocrx_word' id='word_1_253' title='bbox 1023 3306 1064 3360; x_wconf 91' lang='lat' dir='ltr'>Ill</span> <span class='ocrx_word' id='word_1_254' title='bbox 1088 3326 1160 3377; x_wconf 90' lang='lat' dir='ltr'>pers.</span> <span class='ocrx_word' id='word_1_255' title='bbox 1186 3311 1263 3379; x_wconf 90' lang='lat' dir='ltr'>plur.</span> 
     </span>
     <span class='ocr_line' id='line_1_31' title="bbox 108 3396 1261 3464; baseline 0.002 -14"><span class='ocrx_word' id='word_1_256' title='bbox 108 3398 192 3450; x_wconf 87' lang='lat' dir='ltr'>activi</span> <span class='ocrx_word' id='word_1_257' title='bbox 211 3397 255 3451; x_wconf 90' lang='lat' dir='ltr'>vel</span> <span class='ocrx_word' id='word_1_258' title='bbox 272 3397 356 3450; x_wconf 85' lang='lat' dir='ltr'>medii</span> <span class='ocrx_word' id='word_1_259' title='bbox 375 3413 456 3464; x_wconf 86' lang='lat' dir='ltr'>saepe</span> <span class='ocrx_word' id='word_1_260' title='bbox 475 3397 509 3448; x_wconf 86' lang='lat' dir='ltr'>sd</span> <span class='ocrx_word' id='word_1_261' title='bbox 531 3398 741 3464; x_wconf 83' lang='lat' dir='ltr'>exprimendum</span> <span class='ocrx_word' id='word_1_262' title='bbox 762 3396 954 3450; x_wconf 87' lang='lat' dir='ltr'>Germanicum</span> <span class='ocrx_word' id='word_1_263' title='bbox 980 3396 1080 3462; x_wconf 84' lang='lat' dir='ltr'>„man“</span> <span class='ocrx_word' id='word_1_264' title='bbox 1100 3397 1261 3452; x_wconf 86' lang='lat' dir='ltr'>adhibetur.</span> 
     </span>
     <span class='ocr_line' id='line_1_32' title="bbox 109 3481 1261 3555; baseline 0.001 -17"><span class='ocrx_word' id='word_1_265' title='bbox 109 3483 144 3539; x_wconf 90' lang='lat' dir='ltr'>of.</span> <span class='ocrx_word' id='word_1_266' title='bbox 162 3484 322 3538; x_wconf 88' lang='lat' dir='ltr'>Buttmann.</span> <span class='ocrx_word' id='word_1_267' title='bbox 342 3484 446 3552; x_wconf 88' lang='lat' dir='ltr'>griech.</span> <span class='ocrx_word' id='word_1_268' title='bbox 467 3484 586 3538; x_wconf 89' lang='lat' dir='ltr'>Gramm.</span> <span class='ocrx_word' id='word_1_269' title='bbox 606 3484 630 3554; x_wconf 60' lang='grc' dir='ltr'>ᾗ.</span> <span class='ocrx_word' id='word_1_270' title='bbox 651 3487 710 3552; x_wconf 74' lang='lat'>129,</span> <span class='ocrx_word' id='word_1_271' title='bbox 732 3488 783 3538; x_wconf 66' lang='lat'>19.</span> <span class='ocrx_word' id='word_1_272' title='bbox 816 3484 962 3536; x_wconf 83' lang='lat' dir='ltr'>Praeterea</span> <span class='ocrx_word' id='word_1_273' title='bbox 987 3481 1022 3534; x_wconf 90' lang='lat' dir='ltr'>cf.</span> <span class='ocrx_word' id='word_1_274' title='bbox 1046 3482 1147 3536; x_wconf 88' lang='lat' dir='ltr'>Athen.</span> <span class='ocrx_word' id='word_1_275' title='bbox 1166 3486 1205 3540; x_wconf 87' lang='lat' dir='ltr'>VI</span> <span class='ocrx_word' id='word_1_276' title='bbox 1229 3503 1261 3555; x_wconf 88' lang='lat' dir='ltr'>p.</span> 
     </span>
     <span class='ocr_line' id='line_1_33' title="bbox 109 3566 1261 3643; baseline -0.001 -19"><span class='ocrx_word' id='word_1_277' title='bbox 109 3574 161 3627; x_wconf 72' lang='lat'>235</span> <span class='ocrx_word' id='word_1_278' title='bbox 180 3573 213 3626; x_wconf 84' lang='lat' dir='ltr'>A.</span> <span class='ocrx_word' id='word_1_279' title='bbox 232 3575 282 3623; x_wconf 81' lang='grc' dir='ltr'>καὶ</span> <span class='ocrx_word' id='word_1_280' title='bbox 297 3568 361 3628; x_wconf 83' lang='grc' dir='ltr'>τοὺς</span> <span class='ocrx_word' id='word_1_281' title='bbox 380 3575 563 3640; x_wconf 83' lang='grc' dir='ltr'><strong><em>παρασίτους,</em></strong></span> <span class='ocrx_word' id='word_1_282' title='bbox 592 3568 648 3630; x_wconf 70' lang='grc' dir='ltr'>οὓς</span> <span class='ocrx_word' id='word_1_283' title='bbox 666 3568 707 3624; x_wconf 78' lang='grc' dir='ltr'>ἂν</span> <span class='ocrx_word' id='word_1_284' title='bbox 726 3573 762 3625; x_wconf 76' lang='grc' dir='ltr'>ἐκ</span> <span class='ocrx_word' id='word_1_285' title='bbox 779 3576 844 3624; x_wconf 83' lang='grc' dir='ltr'>τῶν</span> <span class='ocrx_word' id='word_1_286' title='bbox 862 3566 984 3640; x_wconf 73' lang='grc' dir='ltr'><em>δήμων</em></span> <span class='ocrx_word' id='word_1_287' title='bbox 1001 3575 1261 3643; x_wconf 75' lang='grc' dir='ltr'>προαιρῶνται,</span> 
     </span>
     <span class='ocr_line' id='line_1_34' title="bbox 109 3654 719 3730; baseline 0 -17"><span class='ocrx_word' id='word_1_288' title='bbox 109 3692 143 3701; x_wconf 91' lang='grc'><strong>-</strong></span> <span class='ocrx_word' id='word_1_289' title='bbox 161 3660 304 3714; x_wconf 88' lang='lat' dir='ltr'>Demosth.</span> <span class='ocrx_word' id='word_1_290' title='bbox 323 3654 393 3728; x_wconf 83' lang='grc' dir='ltr'><em>πρὸς</em></span> <span class='ocrx_word' id='word_1_291' title='bbox 410 3655 582 3725; x_wconf 75' lang='grc' dir='ltr'><em>Εὐβουλίδην</em></span> <span class='ocrx_word' id='word_1_292' title='bbox 599 3679 627 3730; x_wconf 92' lang='lat' dir='ltr'>p.</span> <span class='ocrx_word' id='word_1_293' title='bbox 642 3664 719 3715; x_wconf 87' lang='lat'>1313.</span> 
     </span>
    </p>

    <p class='ocr_par' dir='ltr' id='par_1_12' title="bbox 179 3747 727 3816">
     <span class='ocr_line' id='line_1_35' title="bbox 179 3747 727 3816; baseline 0.004 -17"><span class='ocrx_word' id='word_1_294' title='bbox 179 3748 202 3815; x_wconf 76' lang='grc'>31</span> <span class='ocrx_word' id='word_1_295' title='bbox 237 3747 255 3800; x_wconf 94' lang='lat' dir='ltr'>l.</span> <span class='ocrx_word' id='word_1_296' title='bbox 274 3747 293 3801; x_wconf 96' lang='lat' dir='ltr'>l</span> <span class='ocrx_word' id='word_1_297' title='bbox 311 3765 337 3816; x_wconf 94' lang='lat' dir='ltr'>p.</span> <span class='ocrx_word' id='word_1_298' title='bbox 359 3749 409 3801; x_wconf 83' lang='lat'>159</span> <span class='ocrx_word' id='word_1_299' title='bbox 428 3766 491 3801; x_wconf 87' lang='lat' dir='ltr'>curn</span> <span class='ocrx_word' id='word_1_300' title='bbox 509 3754 557 3801; x_wconf 90' lang='lat' dir='ltr'>not</span> <span class='ocrx_word' id='word_1_301' title='bbox 559 3750 582 3802; x_wconf 87' lang='lat' dir='ltr'>is</span> <span class='ocrx_word' id='word_1_302' title='bbox 602 3750 727 3803; x_wconf 89' lang='lat' dir='ltr'>aliorum</span> 
     </span>
    </p>

    <p class='ocr_par' dir='ltr' id='par_1_13' title="bbox 109 3805 1353 3995">
     <span class='ocr_line' id='line_1_36' title="bbox 179 3805 1353 3914; baseline 0.002 -27"><span class='ocrx_word' id='word_1_303' title='bbox 179 3835 202 3903; x_wconf 84' lang='lat'>³)</span> <span class='ocrx_word' id='word_1_304' title='bbox 239 3833 274 3887; x_wconf 91' lang='lat' dir='ltr'>of</span> <span class='ocrx_word' id='word_1_305' title='bbox 292 3835 489 3904; x_wconf 87' lang='lat' dir='ltr'>Dittenberger</span> <span class='ocrx_word' id='word_1_306' title='bbox 512 3837 546 3890; x_wconf 86' lang='lat' dir='ltr'>de</span> <span class='ocrx_word' id='word_1_307' title='bbox 569 3838 683 3906; x_wconf 89' lang='lat' dir='ltr'>ephebis</span> <span class='ocrx_word' id='word_1_308' title='bbox 708 3836 809 3889; x_wconf 82' lang='lat' dir='ltr'>Atticis</span> <span class='ocrx_word' id='word_1_309' title='bbox 835 3834 897 3885; x_wconf 83' lang='lat' dir='ltr'>diss</span> <span class='ocrx_word' id='word_1_310' title='bbox 918 3832 1041 3900; x_wconf 86' lang='lat' dir='ltr'>Gotting.</span> <span class='ocrx_word' id='word_1_311' title='bbox 1069 3805 1144 3886; x_wconf 74' lang='lat'>1363.</span> <span class='ocrx_word' id='word_1_312' title='bbox 1172 3852 1199 3901; x_wconf 89' lang='lat' dir='ltr'>p.</span> <span class='ocrx_word' id='word_1_313' title='bbox 1218 3839 1259 3889; x_wconf 83' lang='grc'>48</span> <span class='ocrx_word' id='word_1_314' title='bbox 1352 3857 1353 3914; x_wconf 71' lang='lat' dir='ltr'><strong>j</strong></span> 
     </span>
     <span class='ocr_line' id='line_1_37' title="bbox 109 3919 1065 3995; baseline -0.004 -21"><span class='ocrx_word' id='word_1_315' title='bbox 109 3921 210 3988; x_wconf 86' lang='lat' dir='ltr'>quide</span> <span class='ocrx_word' id='word_1_316' title='bbox 227 3922 353 3990; x_wconf 87' lang='lat' dir='ltr'>principe</span> <span class='ocrx_word' id='word_1_317' title='bbox 372 3923 540 3990; x_wconf 90' lang='lat' dir='ltr'>epheborum</span> <span class='ocrx_word' id='word_1_318' title='bbox 558 3920 661 3995; x_wconf 72' lang='grc' dir='ltr'><em>(ἄρχων</em></span> <span class='ocrx_word' id='word_1_319' title='bbox 679 3920 798 3994; x_wconf 71' lang='grc' dir='ltr'>ἔγήβων)</span> <span class='ocrx_word' id='word_1_320' title='bbox 818 3938 849 3974; x_wconf 89' lang='lat' dir='ltr'>eo</span> <span class='ocrx_word' id='word_1_321' title='bbox 867 3922 927 3973; x_wconf 89' lang='lat' dir='ltr'>loco</span> <span class='ocrx_word' id='word_1_322' title='bbox 946 3919 1065 3972; x_wconf 88' lang='lat' dir='ltr'>disserit.</span> 
     </span>
    </p>

    <p class='ocr_par' dir='ltr' id='par_1_14' title="bbox 110 3987 1353 4177">
     <span class='ocr_line' id='line_1_38' title="bbox 179 3987 1353 4082; baseline 0 -21"><span class='ocrx_word' id='word_1_323' title='bbox 179 4007 202 4075; x_wconf 79' lang='lat'>4)</span> <span class='ocrx_word' id='word_1_324' title='bbox 238 4008 356 4077; x_wconf 87' lang='lat' dir='ltr'>Allgem.</span> <span class='ocrx_word' id='word_1_325' title='bbox 380 4010 576 4082; x_wconf 85' lang='lat' dir='ltr'>Literaturztg.</span> <span class='ocrx_word' id='word_1_326' title='bbox 610 4016 685 4069; x_wconf 83' lang='grc'>1838.</span> <span class='ocrx_word' id='word_1_327' title='bbox 711 4011 843 4067; x_wconf 81' lang='lat' dir='ltr'>Novemb.</span> <span class='ocrx_word' id='word_1_328' title='bbox 869 4025 896 4077; x_wconf 93' lang='lat' dir='ltr'>p.</span> <span class='ocrx_word' id='word_1_329' title='bbox 915 4009 974 4060; x_wconf 79' lang='lat'>354.</span> <span class='ocrx_word' id='word_1_330' title='bbox 1020 4006 1196 4060; x_wconf 87' lang='lat' dir='ltr'>Inventat</span> <span class='ocrx_word' id='word_1_331' title='bbox 1155 4013 1196 4061; x_wconf 88' lang='lat' dir='ltr'>est</span> <span class='ocrx_word' id='word_1_332' title='bbox 1214 4009 1249 4061; x_wconf 88' lang='lat' dir='ltr'>in</span> <span class='ocrx_word' id='word_1_333' title='bbox 1352 3987 1353 4074; x_wconf 93' lang='grc'>1</span> 
     </span>
     <span class='ocr_line' id='line_1_39' title="bbox 110 4094 607 4177; baseline 0.018 -31"><span class='ocrx_word' id='word_1_334' title='bbox 110 4094 249 4161; x_wconf 85' lang='lat' dir='ltr'>scriptio</span> <span class='ocrx_word' id='word_1_335' title='bbox 242 4112 271 4146; x_wconf 88' lang='lat' dir='ltr'>m</span> <span class='ocrx_word' id='word_1_336' title='bbox 289 4098 411 4164; x_wconf 87' lang='lat' dir='ltr'>acropoli</span> <span class='ocrx_word' id='word_1_337' title='bbox 428 4099 607 4177; x_wconf 69' lang='lat' dir='ltr'>Athenapum.</span> 
     </span>
    </p>
   </div>
   <div class='ocr_carea' id='block_1_5' title="bbox 0 0 1380 4575">
    <p class='ocr_par' dir='ltr' id='par_1_15' title="bbox 0 0 1380 4575">
     <span class='ocr_line' id='line_1_40' title="bbox 0 0 1380 4575; baseline 0 1"><span class='ocrx_word' id='word_1_338' title='bbox 0 0 1380 4575; x_wconf 95' lang='lat' dir='ltr'> </span> 
     </span>
    </p>
   </div>
  </div>
 </body>
</html>
