<?xml version="1.0" encoding="UTF-8"?>
<!DOCTYPE html PUBLIC "-//W3C//DTD XHTML 1.0 Transitional//EN"
    "http://www.w3.org/TR/xhtml1/DTD/xhtml1-transitional.dtd">
<html xmlns="http://www.w3.org/1999/xhtml" xml:lang="en" lang="en">
 <head>
  <title>
</title>
<meta http-equiv="Content-Type" content="text/html;charset=utf-8" />
  <meta name='ocr-system' content='tesseract 3.04.00' />
  <meta name='ocr-capabilities' content='ocr_page ocr_carea ocr_par ocr_line ocrx_word'/>
</head>
<body>
  <div class='ocr_page' id='page_1' title='image "./deparasitisapud00kampgoog_0009.png"; bbox 0 0 2750 4575; ppageno 0'>
   <div class='ocr_carea' id='block_1_1' title="bbox 6 0 577 1">
    <p class='ocr_par' dir='ltr' id='par_1_1' title="bbox 6 0 577 1">
     <span class='ocr_line' id='line_1_1' title="bbox 6 0 577 1; baseline 0 0"><span class='ocrx_word' id='word_1_1' title='bbox 6 0 577 1; x_wconf 95' lang='lat' dir='ltr'> </span> 
     </span>
    </p>
   </div>
   <div class='ocr_carea' id='block_1_2' title="bbox 161 1149 1314 3795">
    <p class='ocr_par' dir='ltr' id='par_1_2' title="bbox 161 1149 1314 3795">
     <span class='ocr_line' id='line_1_2' title="bbox 250 1149 1309 1234; baseline 0.001 -19"><span class='ocrx_word' id='word_1_2' title='bbox 250 1149 331 1215; x_wconf 83' lang='lat' dir='ltr'>Cum</span> <span class='ocrx_word' id='word_1_3' title='bbox 354 1149 422 1232; x_wconf 87' lang='lat' dir='ltr'>jam</span> <span class='ocrx_word' id='word_1_4' title='bbox 450 1171 508 1233; x_wconf 88' lang='lat' dir='ltr'>per</span> <span class='ocrx_word' id='word_1_5' title='bbox 534 1149 658 1233; x_wconf 82' lang='lat' dir='ltr'>aliquot</span> <span class='ocrx_word' id='word_1_6' title='bbox 686 1149 838 1234; x_wconf 88' lang='lat' dir='ltr'>temporis</span> <span class='ocrx_word' id='word_1_7' title='bbox 868 1150 902 1213; x_wconf 93' lang='lat' dir='ltr'>in</span> <span class='ocrx_word' id='word_1_8' title='bbox 929 1171 966 1214; x_wconf 88' lang='lat' dir='ltr'>eo</span> <span class='ocrx_word' id='word_1_9' title='bbox 993 1155 1167 1234; x_wconf 86' lang='lat' dir='ltr'>occupatus</span> <span class='ocrx_word' id='word_1_10' title='bbox 1199 1172 1309 1232; x_wconf 90' lang='lat' dir='ltr'>essem,</span> 
     </span>
     <span class='ocr_line' id='line_1_3' title="bbox 164 1251 1311 1336; baseline -0.001 -17"><span class='ocrx_word' id='word_1_11' title='bbox 164 1258 200 1319; x_wconf 89' lang='lat' dir='ltr'>ut</span> <span class='ocrx_word' id='word_1_12' title='bbox 227 1253 453 1318; x_wconf 81' lang='lat' dir='ltr'>Lucretianam</span> <span class='ocrx_word' id='word_1_13' title='bbox 482 1251 718 1336; x_wconf 84' lang='lat' dir='ltr'>philosophiam</span> <span class='ocrx_word' id='word_1_14' title='bbox 753 1272 826 1316; x_wconf 88' lang='lat' dir='ltr'>oum</span> <span class='ocrx_word' id='word_1_15' title='bbox 855 1252 1085 1335; x_wconf 85' lang='lat' dir='ltr'>Epicureorum</span> <span class='ocrx_word' id='word_1_16' title='bbox 1116 1252 1311 1318; x_wconf 90' lang='lat' dir='ltr'>Graecorum</span> 
     </span>
     <span class='ocr_line' id='line_1_4' title="bbox 164 1353 1311 1438; baseline -0.001 -17"><span class='ocrx_word' id='word_1_17' title='bbox 164 1354 311 1421; x_wconf 89' lang='lat' dir='ltr'>doctrina</span> <span class='ocrx_word' id='word_1_18' title='bbox 332 1375 561 1438; x_wconf 85' lang='lat' dir='ltr'>compararem,</span> <span class='ocrx_word' id='word_1_19' title='bbox 585 1353 743 1419; x_wconf 91' lang='lat' dir='ltr'>nonnulla</span> <span class='ocrx_word' id='word_1_20' title='bbox 758 1353 953 1434; x_wconf 90' lang='lat' dir='ltr'>acciderunt,</span> <span class='ocrx_word' id='word_1_21' title='bbox 976 1376 1059 1438; x_wconf 90' lang='lat' dir='ltr'>quae</span> <span class='ocrx_word' id='word_1_22' title='bbox 1081 1355 1124 1419; x_wconf 89' lang='lat' dir='ltr'>ad</span> <span class='ocrx_word' id='word_1_23' title='bbox 1146 1361 1311 1420; x_wconf 89' lang='lat' dir='ltr'>maturan-</span> 
     </span>
     <span class='ocr_line' id='line_1_5' title="bbox 166 1456 1311 1543; baseline 0.001 -20"><span class='ocrx_word' id='word_1_24' title='bbox 166 1456 244 1524; x_wconf 88' lang='lat' dir='ltr'>dum</span> <span class='ocrx_word' id='word_1_25' title='bbox 257 1478 336 1542; x_wconf 93' lang='lat' dir='ltr'>opus</span> <span class='ocrx_word' id='word_1_26' title='bbox 347 1477 397 1520; x_wconf 89' lang='grc'>11</span> <span class='ocrx_word' id='word_1_27' title='bbox 410 1456 613 1537; x_wconf 79' lang='lat' dir='ltr'>instigarent.</span> <span class='ocrx_word' id='word_1_28' title='bbox 656 1456 762 1521; x_wconf 84' lang='lat' dir='ltr'>Erant</span> <span class='ocrx_word' id='word_1_29' title='bbox 784 1462 893 1519; x_wconf 87' lang='lat' dir='ltr'>autem</span> <span class='ocrx_word' id='word_1_30' title='bbox 915 1461 1044 1540; x_wconf 89' lang='lat' dir='ltr'>praeter</span> <span class='ocrx_word' id='word_1_31' title='bbox 1058 1457 1190 1542; x_wconf 91' lang='lat' dir='ltr'>Epicuri</span> <span class='ocrx_word' id='word_1_32' title='bbox 1210 1459 1311 1543; x_wconf 90' lang='lat' dir='ltr'>ipsius</span> 
     </span>
     <span class='ocr_line' id='line_1_6' title="bbox 164 1557 1311 1644; baseline -0.001 -19"><span class='ocrx_word' id='word_1_33' title='bbox 164 1559 353 1643; x_wconf 80' lang='lat' dir='ltr'>fragmenta,</span> <span class='ocrx_word' id='word_1_34' title='bbox 376 1579 459 1642; x_wconf 89' lang='lat' dir='ltr'>quae</span> <span class='ocrx_word' id='word_1_35' title='bbox 481 1562 611 1622; x_wconf 84' lang='lat' dir='ltr'>exstant</span> <span class='ocrx_word' id='word_1_36' title='bbox 626 1558 658 1623; x_wconf 91' lang='lat' dir='ltr'>in</span> <span class='ocrx_word' id='word_1_37' title='bbox 682 1558 833 1642; x_wconf 84' lang='lat' dir='ltr'>Diogenis</span> <span class='ocrx_word' id='word_1_38' title='bbox 854 1557 963 1622; x_wconf 87' lang='lat' dir='ltr'>Laerti</span> <span class='ocrx_word' id='word_1_39' title='bbox 984 1559 1067 1624; x_wconf 91' lang='lat' dir='ltr'>libro</span> <span class='ocrx_word' id='word_1_40' title='bbox 1083 1560 1122 1640; x_wconf 88' lang='lat' dir='ltr'>X,</span> <span class='ocrx_word' id='word_1_41' title='bbox 1144 1560 1218 1624; x_wconf 89' lang='lat' dir='ltr'>libri</span> <span class='ocrx_word' id='word_1_42' title='bbox 1234 1581 1311 1644; x_wconf 92' lang='lat' dir='ltr'>quo-</span> 
     </span>
     <span class='ocr_line' id='line_1_7' title="bbox 164 1659 1311 1747; baseline 0.001 -21"><span class='ocrx_word' id='word_1_43' title='bbox 164 1682 226 1747; x_wconf 89' lang='lat' dir='ltr'>que</span> <span class='ocrx_word' id='word_1_44' title='bbox 247 1660 503 1726; x_wconf 84' lang='lat' dir='ltr'>Herculanenses</span> <span class='ocrx_word' id='word_1_45' title='bbox 525 1661 696 1745; x_wconf 90' lang='lat' dir='ltr'>praecipue</span> <span class='ocrx_word' id='word_1_46' title='bbox 717 1660 762 1737; x_wconf 88' lang='lat' dir='ltr'>ei,</span> <span class='ocrx_word' id='word_1_47' title='bbox 796 1661 852 1743; x_wconf 91' lang='lat' dir='ltr'>qui</span> <span class='ocrx_word' id='word_1_48' title='bbox 874 1680 894 1724; x_wconf 91' lang='lat' dir='ltr'>a</span> <span class='ocrx_word' id='word_1_49' title='bbox 915 1659 1101 1727; x_wconf 86' lang='lat' dir='ltr'>Philodamo</span> <span class='ocrx_word' id='word_1_50' title='bbox 1123 1663 1234 1746; x_wconf 91' lang='lat' dir='ltr'>scripti</span> <span class='ocrx_word' id='word_1_51' title='bbox 1256 1684 1311 1727; x_wconf 92' lang='lat' dir='ltr'>no-</span> 
     </span>
     <span class='ocr_line' id='line_1_8' title="bbox 163 1762 1312 1848; baseline 0 -20"><span class='ocrx_word' id='word_1_52' title='bbox 163 1764 212 1829; x_wconf 85' lang='lat' dir='ltr'>his</span> <span class='ocrx_word' id='word_1_53' title='bbox 234 1764 353 1828; x_wconf 86' lang='lat' dir='ltr'>servati</span> <span class='ocrx_word' id='word_1_54' title='bbox 375 1769 465 1844; x_wconf 88' lang='lat' dir='ltr'>sunt,</span> <span class='ocrx_word' id='word_1_55' title='bbox 496 1762 685 1846; x_wconf 87' lang='lat' dir='ltr'>inspiciendi</span> <span class='ocrx_word' id='word_1_56' title='bbox 708 1762 788 1827; x_wconf 92' lang='lat' dir='ltr'>mihi</span> <span class='ocrx_word' id='word_1_57' title='bbox 813 1769 911 1846; x_wconf 87' lang='lat' dir='ltr'>atque</span> <span class='ocrx_word' id='word_1_58' title='bbox 933 1763 1113 1829; x_wconf 87' lang='lat' dir='ltr'>excutendi.</span> <span class='ocrx_word' id='word_1_59' title='bbox 1157 1765 1218 1843; x_wconf 78' lang='lat' dir='ltr'>Qui</span> <span class='ocrx_word' id='word_1_60' title='bbox 1241 1785 1312 1848; x_wconf 88' lang='lat' dir='ltr'>per·</span> 
     </span>
     <span class='ocr_line' id='line_1_9' title="bbox 163 1864 1311 1948; baseline 0 -17"><span class='ocrx_word' id='word_1_61' title='bbox 163 1870 320 1931; x_wconf 84' lang='lat' dir='ltr'>venerunt</span> <span class='ocrx_word' id='word_1_62' title='bbox 342 1866 470 1948; x_wconf 89' lang='lat' dir='ltr'>quidem</span> <span class='ocrx_word' id='word_1_63' title='bbox 493 1865 535 1929; x_wconf 89' lang='lat' dir='ltr'>ad</span> <span class='ocrx_word' id='word_1_64' title='bbox 557 1871 700 1929; x_wconf 90' lang='lat' dir='ltr'>nostram</span> <span class='ocrx_word' id='word_1_65' title='bbox 725 1870 882 1942; x_wconf 88' lang='lat' dir='ltr'>aetatem,</span> <span class='ocrx_word' id='word_1_66' title='bbox 916 1864 973 1929; x_wconf 88' lang='lat' dir='ltr'>sed</span> <span class='ocrx_word' id='word_1_67' title='bbox 995 1865 1043 1929; x_wconf 89' lang='lat' dir='ltr'>ita</span> <span class='ocrx_word' id='word_1_68' title='bbox 1063 1866 1205 1930; x_wconf 90' lang='lat' dir='ltr'>mutilati</span> <span class='ocrx_word' id='word_1_69' title='bbox 1227 1872 1311 1946; x_wconf 88' lang='lat' dir='ltr'>sunt,</span> 
     </span>
     <span class='ocr_line' id='line_1_10' title="bbox 164 1966 1313 2051; baseline -0.002 -17"><span class='ocrx_word' id='word_1_70' title='bbox 164 1973 201 2034; x_wconf 89' lang='lat' dir='ltr'>ut</span> <span class='ocrx_word' id='word_1_71' title='bbox 221 1968 352 2033; x_wconf 88' lang='lat' dir='ltr'>assidua</span> <span class='ocrx_word' id='word_1_72' title='bbox 373 1989 437 2031; x_wconf 92' lang='lat' dir='ltr'>non</span> <span class='ocrx_word' id='word_1_73' title='bbox 459 1967 554 2033; x_wconf 92' lang='lat' dir='ltr'>modo</span> <span class='ocrx_word' id='word_1_74' title='bbox 577 1967 748 2051; x_wconf 84' lang='lat' dir='ltr'>diligentia</span> <span class='ocrx_word' id='word_1_75' title='bbox 769 1966 825 2032; x_wconf 88' lang='lat' dir='ltr'>sed</span> <span class='ocrx_word' id='word_1_76' title='bbox 847 1967 1042 2032; x_wconf 88' lang='lat' dir='ltr'>divinatoria</span> <span class='ocrx_word' id='word_1_77' title='bbox 1056 1968 1196 2051; x_wconf 89' lang='lat' dir='ltr'>quadam</span> <span class='ocrx_word' id='word_1_78' title='bbox 1213 1967 1313 2033; x_wconf 86' lang='lat' dir='ltr'>facul-</span> 
     </span>
     <span class='ocr_line' id='line_1_11' title="bbox 163 2068 1312 2156; baseline 0.002 -22"><span class='ocrx_word' id='word_1_79' title='bbox 163 2076 229 2134; x_wconf 85' lang='lat' dir='ltr'>tate</span> <span class='ocrx_word' id='word_1_80' title='bbox 251 2091 331 2156; x_wconf 91' lang='lat' dir='ltr'>opus</span> <span class='ocrx_word' id='word_1_81' title='bbox 353 2070 395 2134; x_wconf 93' lang='lat' dir='ltr'>sit</span> <span class='ocrx_word' id='word_1_82' title='bbox 415 2070 464 2149; x_wconf 88' lang='lat' dir='ltr'>ei,</span> <span class='ocrx_word' id='word_1_83' title='bbox 486 2070 541 2153; x_wconf 89' lang='lat' dir='ltr'>qui</span> <span class='ocrx_word' id='word_1_84' title='bbox 563 2090 622 2154; x_wconf 91' lang='lat' dir='ltr'>pro</span> <span class='ocrx_word' id='word_1_85' title='bbox 644 2070 734 2154; x_wconf 90' lang='lat' dir='ltr'>puris</span> <span class='ocrx_word' id='word_1_86' title='bbox 757 2074 854 2153; x_wconf 89' lang='lat' dir='ltr'>atque</span> <span class='ocrx_word' id='word_1_87' title='bbox 876 2069 1010 2152; x_wconf 81' lang='lat' dir='ltr'>integris</span> <span class='ocrx_word' id='word_1_88' title='bbox 1030 2068 1174 2135; x_wconf 83' lang='lat' dir='ltr'>fontibus</span> <span class='ocrx_word' id='word_1_89' title='bbox 1195 2070 1241 2136; x_wconf 90' lang='lat' dir='ltr'>eis</span> <span class='ocrx_word' id='word_1_90' title='bbox 1263 2072 1312 2136; x_wconf 89' lang='lat' dir='ltr'>uti</span> 
     </span>
     <span class='ocr_line' id='line_1_12' title="bbox 161 2157 1313 2256; baseline -0.001 -19"><span class='ocrx_word' id='word_1_91' title='bbox 161 2157 247 2238; x_wconf 85' lang='lat' dir='ltr'>velit.</span> <span class='ocrx_word' id='word_1_92' title='bbox 292 2173 399 2251; x_wconf 82' lang='lat' dir='ltr'>Quare</span> <span class='ocrx_word' id='word_1_93' title='bbox 420 2173 574 2256; x_wconf 89' lang='lat' dir='ltr'>temporis</span> <span class='ocrx_word' id='word_1_94' title='bbox 596 2171 787 2237; x_wconf 84' lang='lat' dir='ltr'>necessitate</span> <span class='ocrx_word' id='word_1_95' title='bbox 809 2176 939 2238; x_wconf 87' lang='lat' dir='ltr'>coactus</span> <span class='ocrx_word' id='word_1_96' title='bbox 960 2173 1001 2238; x_wconf 87' lang='lat' dir='ltr'>ab</span> <span class='ocrx_word' id='word_1_97' title='bbox 1023 2172 1073 2237; x_wconf 91' lang='lat' dir='ltr'>his</span> <span class='ocrx_word' id='word_1_98' title='bbox 1095 2172 1211 2237; x_wconf 86' lang='lat' dir='ltr'>studiis</span> <span class='ocrx_word' id='word_1_99' title='bbox 1227 2195 1313 2237; x_wconf 90' lang='lat' dir='ltr'>nunc</span> 
     </span>
     <span class='ocr_line' id='line_1_13' title="bbox 165 2272 1313 2360; baseline 0 -20"><span class='ocrx_word' id='word_1_100' title='bbox 165 2275 295 2360; x_wconf 88' lang='lat' dir='ltr'>quidem</span> <span class='ocrx_word' id='word_1_101' title='bbox 309 2281 461 2341; x_wconf 87' lang='lat' dir='ltr'>avocatus</span> <span class='ocrx_word' id='word_1_102' title='bbox 477 2296 556 2355; x_wconf 91' lang='lat' dir='ltr'>sum,</span> <span class='ocrx_word' id='word_1_103' title='bbox 579 2296 662 2357; x_wconf 89' lang='lat' dir='ltr'>quae</span> <span class='ocrx_word' id='word_1_104' title='bbox 682 2279 796 2360; x_wconf 89' lang='lat' dir='ltr'>postea</span> <span class='ocrx_word' id='word_1_105' title='bbox 817 2272 972 2339; x_wconf 88' lang='lat' dir='ltr'>facultate</span> <span class='ocrx_word' id='word_1_106' title='bbox 994 2274 1073 2339; x_wconf 87' lang='lat' dir='ltr'>data</span> <span class='ocrx_word' id='word_1_107' title='bbox 1095 2274 1200 2341; x_wconf 89' lang='lat' dir='ltr'>denuo</span> <span class='ocrx_word' id='word_1_108' title='bbox 1222 2275 1313 2340; x_wconf 88' lang='lat' dir='ltr'>insti·</span> 
     </span>
     <span class='ocr_line' id='line_1_14' title="bbox 164 2377 1313 2462; baseline 0 -19"><span class='ocrx_word' id='word_1_109' title='bbox 164 2384 255 2443; x_wconf 89' lang='lat' dir='ltr'>tuere</span> <span class='ocrx_word' id='word_1_110' title='bbox 276 2378 415 2442; x_wconf 84' lang='lat' dir='ltr'>maxime</span> <span class='ocrx_word' id='word_1_111' title='bbox 431 2377 533 2461; x_wconf 93' lang='lat' dir='ltr'>cupio.</span> <span class='ocrx_word' id='word_1_112' title='bbox 578 2377 611 2442; x_wconf 85' lang='lat' dir='ltr'>Si</span> <span class='ocrx_word' id='word_1_113' title='bbox 627 2397 702 2441; x_wconf 85' lang='lat' dir='ltr'>vero</span> <span class='ocrx_word' id='word_1_114' title='bbox 718 2377 790 2460; x_wconf 86' lang='lat' dir='ltr'>quis</span> <span class='ocrx_word' id='word_1_115' title='bbox 803 2382 905 2460; x_wconf 87' lang='lat' dir='ltr'>putet,</span> <span class='ocrx_word' id='word_1_116' title='bbox 928 2396 1000 2440; x_wconf 88' lang='lat' dir='ltr'>eam</span> <span class='ocrx_word' id='word_1_117' title='bbox 1014 2379 1193 2457; x_wconf 86' lang='lat' dir='ltr'>materiam,</span> <span class='ocrx_word' id='word_1_118' title='bbox 1217 2399 1313 2462; x_wconf 88' lang='lat' dir='ltr'>quam</span> 
     </span>
     <span class='ocr_line' id='line_1_15' title="bbox 165 2478 1313 2563; baseline 0.001 -18"><span class='ocrx_word' id='word_1_119' title='bbox 165 2478 288 2556; x_wconf 30' lang='lat' dir='ltr'>deinde,</span> <span class='ocrx_word' id='word_1_120' title='bbox 302 2480 508 2544; x_wconf 88' lang='lat' dir='ltr'>tractandam</span> <span class='ocrx_word' id='word_1_121' title='bbox 528 2479 608 2544; x_wconf 90' lang='lat' dir='ltr'>mihi</span> <span class='ocrx_word' id='word_1_122' title='bbox 629 2479 782 2563; x_wconf 89' lang='lat' dir='ltr'>proposui</span> <span class='ocrx_word' id='word_1_123' title='bbox 804 2478 975 2544; x_wconf 89' lang='lat' dir='ltr'>cohaerere</span> <span class='ocrx_word' id='word_1_124' title='bbox 991 2478 1100 2562; x_wconf 92' lang='lat' dir='ltr'>aliquo</span> <span class='ocrx_word' id='word_1_125' title='bbox 1123 2480 1218 2546; x_wconf 91' lang='lat' dir='ltr'>modo</span> <span class='ocrx_word' id='word_1_126' title='bbox 1240 2500 1313 2546; x_wconf 88' lang='lat' dir='ltr'>cum</span> 
     </span>
     <span class='ocr_line' id='line_1_16' title="bbox 165 2581 1313 2668; baseline 0 -21"><span class='ocrx_word' id='word_1_127' title='bbox 165 2582 279 2648; x_wconf 85' lang='lat' dir='ltr'>studiis</span> <span class='ocrx_word' id='word_1_128' title='bbox 299 2582 364 2647; x_wconf 91' lang='lat' dir='ltr'>illis</span> <span class='ocrx_word' id='word_1_129' title='bbox 386 2582 517 2660; x_wconf 68' lang='lat' dir='ltr'>relictis</span> <span class='ocrx_word' id='word_1_130' title='bbox 540 2603 612 2647; x_wconf 91' lang='lat' dir='ltr'>cum</span> <span class='ocrx_word' id='word_1_131' title='bbox 632 2582 778 2668; x_wconf 86' lang='lat' dir='ltr'>parasiti,</span> <span class='ocrx_word' id='word_1_132' title='bbox 801 2581 856 2665; x_wconf 91' lang='lat' dir='ltr'>qui</span> <span class='ocrx_word' id='word_1_133' title='bbox 877 2582 1038 2655; x_wconf 76' lang='lat' dir='ltr'>nominari</span> <span class='ocrx_word' id='word_1_134' title='bbox 1060 2581 1172 2662; x_wconf 83' lang='lat' dir='ltr'>solent,</span> <span class='ocrx_word' id='word_1_135' title='bbox 1196 2583 1313 2668; x_wconf 92' lang='lat' dir='ltr'>quippe</span> 
     </span>
     <span class='ocr_line' id='line_1_17' title="bbox 165 2682 1313 2770; baseline 0 -20"><span class='ocrx_word' id='word_1_136' title='bbox 165 2685 221 2770; x_wconf 92' lang='lat' dir='ltr'>qui</span> <span class='ocrx_word' id='word_1_137' title='bbox 239 2684 416 2769; x_wconf 87' lang='lat' dir='ltr'>jucundam</span> <span class='ocrx_word' id='word_1_138' title='bbox 438 2705 631 2768; x_wconf 88' lang='lat' dir='ltr'>suavemque</span> <span class='ocrx_word' id='word_1_139' title='bbox 656 2685 756 2749; x_wconf 88' lang='lat' dir='ltr'>vitam</span> <span class='ocrx_word' id='word_1_140' title='bbox 782 2688 951 2767; x_wconf 89' lang='lat' dir='ltr'>sequentes</span> <span class='ocrx_word' id='word_1_141' title='bbox 974 2682 1111 2748; x_wconf 89' lang='lat' dir='ltr'>eundem</span> <span class='ocrx_word' id='word_1_142' title='bbox 1133 2683 1247 2749; x_wconf 88' lang='lat' dir='ltr'>heatae</span> <span class='ocrx_word' id='word_1_143' title='bbox 1268 2686 1313 2750; x_wconf 86' lang='lat' dir='ltr'>vi·</span> 
     </span>
     <span class='ocr_line' id='line_1_18' title="bbox 164 2785 1313 2871; baseline 0.001 -20"><span class='ocrx_word' id='word_1_144' title='bbox 164 2792 218 2851; x_wconf 88' lang='lat' dir='ltr'>tae</span> <span class='ocrx_word' id='word_1_145' title='bbox 239 2785 336 2851; x_wconf 87' lang='lat' dir='ltr'>finem</span> <span class='ocrx_word' id='word_1_146' title='bbox 358 2787 419 2852; x_wconf 89' lang='lat' dir='ltr'>sibi</span> <span class='ocrx_word' id='word_1_147' title='bbox 441 2788 643 2871; x_wconf 89' lang='lat' dir='ltr'>proposuisse</span> <span class='ocrx_word' id='word_1_148' title='bbox 666 2788 836 2852; x_wconf 88' lang='lat' dir='ltr'>videantur</span> <span class='ocrx_word' id='word_1_149' title='bbox 858 2792 956 2869; x_wconf 87' lang='lat' dir='ltr'>atque</span> <span class='ocrx_word' id='word_1_150' title='bbox 978 2785 1144 2870; x_wconf 85' lang='lat' dir='ltr'>Epicurei,</span> <span class='ocrx_word' id='word_1_151' title='bbox 1182 2787 1237 2870; x_wconf 91' lang='lat' dir='ltr'>qui</span> <span class='ocrx_word' id='word_1_152' title='bbox 1260 2808 1313 2852; x_wconf 87' lang='lat' dir='ltr'>vo·</span> 
     </span>
     <span class='ocr_line' id='line_1_19' title="bbox 164 2888 1313 2973; baseline 0 -19"><span class='ocrx_word' id='word_1_153' title='bbox 164 2889 321 2973; x_wconf 87' lang='lat' dir='ltr'>luptatem</span> <span class='ocrx_word' id='word_1_154' title='bbox 344 2908 503 2953; x_wconf 89' lang='lat' dir='ltr'>summurn</span> <span class='ocrx_word' id='word_1_155' title='bbox 525 2889 644 2954; x_wconf 84' lang='lat' dir='ltr'>bonurn</span> <span class='ocrx_word' id='word_1_156' title='bbox 667 2910 736 2955; x_wconf 89' lang='grc'><strong>1111</strong></span> <span class='ocrx_word' id='word_1_157' title='bbox 754 2889 911 2973; x_wconf 88' lang='lat' dir='ltr'>judicent,</span> <span class='ocrx_word' id='word_1_158' title='bbox 933 2888 1180 2969; x_wconf 83' lang='lat' dir='ltr'>maximeerrat,</span> <span class='ocrx_word' id='word_1_159' title='bbox 1202 2909 1313 2972; x_wconf 89' lang='lat' dir='ltr'>quam·</span> 
     </span>
     <span class='ocr_line' id='line_1_20' title="bbox 165 2984 1313 3076; baseline 0 -21"><span class='ocrx_word' id='word_1_160' title='bbox 165 3012 262 3076; x_wconf 88' lang='lat' dir='ltr'>quam</span> <span class='ocrx_word' id='word_1_161' title='bbox 292 2991 400 3057; x_wconf 90' lang='lat' dir='ltr'>Simon</span> <span class='ocrx_word' id='word_1_162' title='bbox 438 3013 564 3076; x_wconf 90' lang='lat' dir='ltr'>quoque</span> <span class='ocrx_word' id='word_1_163' title='bbox 599 2993 761 3076; x_wconf 91' lang='lat' dir='ltr'>parasitus</span> <span class='ocrx_word' id='word_1_164' title='bbox 795 2990 881 3075; x_wconf 88' lang='lat' dir='ltr'>apud</span> <span class='ocrx_word' id='word_1_165' title='bbox 915 2989 1093 3054; x_wconf 88' lang='lat' dir='ltr'>Lucianum</span> <span class='ocrx_word' id='word_1_166' title='bbox 1116 2993 1158 3074; x_wconf 87' lang='lat'>¹):</span> <span class='ocrx_word' id='word_1_167' title='bbox 1197 2984 1313 3056; x_wconf 75' lang='grc' dir='ltr'><strong><em>οὐκοῦν</em></strong></span> 
     </span>
     <span class='ocr_line' id='line_1_21' title="bbox 166 3086 1314 3181; baseline 0 -23"><span class='ocrx_word' id='word_1_168' title='bbox 166 3087 287 3181; x_wconf 77' lang='grc' dir='ltr'><em>ἀνάγκη</em></span> <span class='ocrx_word' id='word_1_169' title='bbox 310 3096 457 3179; x_wconf 82' lang='grc' dir='ltr'><strong><em>πρῶτον,</em></strong></span> <span class='ocrx_word' id='word_1_170' title='bbox 480 3095 600 3178; x_wconf 89' lang='lat' dir='ltr'>inquit,</span> <span class='ocrx_word' id='word_1_171' title='bbox 624 3088 747 3173; x_wconf 80' lang='grc' dir='ltr'><strong><em>εἰπεῖν,</em></strong></span> <span class='ocrx_word' id='word_1_172' title='bbox 771 3088 824 3158; x_wconf 83' lang='grc' dir='ltr'>ὅτι</span> <span class='ocrx_word' id='word_1_173' title='bbox 845 3088 1047 3179; x_wconf 80' lang='grc' dir='ltr'><strong><em>φιλοσοφίας</em></strong></span> <span class='ocrx_word' id='word_1_174' title='bbox 1068 3091 1128 3174; x_wconf 83' lang='grc' dir='ltr'>μὲν</span> <span class='ocrx_word' id='word_1_175' title='bbox 1151 3086 1314 3160; x_wconf 70' lang='grc' dir='ltr'><strong><em>οὐδέποτε</em></strong></span> 
     </span>
     <span class='ocr_line' id='line_1_22' title="bbox 166 3189 1313 3284; baseline 0 -24"><span class='ocrx_word' id='word_1_176' title='bbox 166 3189 299 3284; x_wconf 72' lang='grc' dir='ltr'><strong><em>ἠράσθη</em></strong></span> <span class='ocrx_word' id='word_1_177' title='bbox 322 3191 522 3282; x_wconf 84' lang='grc' dir='ltr'><strong><em>παράσιτος,</em></strong></span> <span class='ocrx_word' id='word_1_178' title='bbox 557 3197 778 3282; x_wconf 77' lang='grc' dir='ltr'><strong><em>παρασιτικῆς</em></strong></span> <span class='ocrx_word' id='word_1_179' title='bbox 800 3193 836 3260; x_wconf 79' lang='grc' dir='ltr'>δὲ</span> <span class='ocrx_word' id='word_1_180' title='bbox 858 3190 1058 3276; x_wconf 78' lang='grc' dir='ltr'><strong><em>πάμπολλοι</em></strong></span> <span class='ocrx_word' id='word_1_181' title='bbox 1080 3190 1313 3282; x_wconf 71' lang='grc' dir='ltr'><strong><em>ἐπιθυμήσαν-</em></strong></span> 
     </span>
     <span class='ocr_line' id='line_1_23' title="bbox 164 3294 1312 3386; baseline 0 -22"><span class='ocrx_word' id='word_1_182' title='bbox 164 3322 220 3377; x_wconf 83' lang='grc' dir='ltr'>τες</span> <span class='ocrx_word' id='word_1_183' title='bbox 240 3294 497 3385; x_wconf 76' lang='grc' dir='ltr'><strong><em>μνημονεύονται</em></strong></span> <span class='ocrx_word' id='word_1_184' title='bbox 519 3294 702 3386; x_wconf 84' lang='grc' dir='ltr'><strong><em>φιλόσοφοι</em></strong></span> <span class='ocrx_word' id='word_1_185' title='bbox 723 3294 779 3362; x_wconf 82' lang='grc' dir='ltr'>καὶ</span> <span class='ocrx_word' id='word_1_186' title='bbox 800 3295 893 3384; x_wconf 83' lang='grc' dir='ltr'><strong><em>μέχρι</em></strong></span> <span class='ocrx_word' id='word_1_187' title='bbox 915 3320 950 3383; x_wconf 78' lang='grc' dir='ltr'>γε</span> <span class='ocrx_word' id='word_1_188' title='bbox 972 3300 1027 3361; x_wconf 83' lang='grc' dir='ltr'>νῦν</span> <span class='ocrx_word' id='word_1_189' title='bbox 1048 3294 1163 3383; x_wconf 79' lang='grc' dir='ltr'><strong><em>ἐρῶσι,</em></strong></span> <span class='ocrx_word' id='word_1_190' title='bbox 1196 3298 1312 3381; x_wconf 90' lang='lat' dir='ltr'>quibus</span> 
     </span>
     <span class='ocr_line' id='line_1_24' title="bbox 164 3400 1312 3487; baseline -0.001 -22"><span class='ocrx_word' id='word_1_191' title='bbox 164 3400 269 3466; x_wconf 86' lang='lat' dir='ltr'>verbis</span> <span class='ocrx_word' id='word_1_192' title='bbox 291 3402 446 3485; x_wconf 89' lang='lat' dir='ltr'>imprimis</span> <span class='ocrx_word' id='word_1_193' title='bbox 468 3402 575 3485; x_wconf 83' lang='lat' dir='ltr'>tetigit</span> <span class='ocrx_word' id='word_1_194' title='bbox 597 3402 781 3487; x_wconf 89' lang='lat' dir='ltr'>Epicureos.</span> <span class='ocrx_word' id='word_1_195' title='bbox 819 3402 903 3467; x_wconf 89' lang='lat' dir='ltr'>Nam</span> <span class='ocrx_word' id='word_1_196' title='bbox 925 3401 1007 3466; x_wconf 92' lang='lat' dir='ltr'>illud</span> <span class='ocrx_word' id='word_1_197' title='bbox 1028 3401 1243 3487; x_wconf 90' lang='lat' dir='ltr'>parasitorum</span> <span class='ocrx_word' id='word_1_198' title='bbox 1265 3402 1312 3465; x_wconf 89' lang='lat' dir='ltr'>in-</span> 
     </span>
     <span class='ocr_line' id='line_1_25' title="bbox 163 3502 1312 3588; baseline -0.001 -19"><span class='ocrx_word' id='word_1_199' title='bbox 163 3502 333 3569; x_wconf 86' lang='lat' dir='ltr'>honestum</span> <span class='ocrx_word' id='word_1_200' title='bbox 360 3523 477 3586; x_wconf 87' lang='lat' dir='ltr'>genus,</span> <span class='ocrx_word' id='word_1_201' title='bbox 512 3504 596 3587; x_wconf 91' lang='lat' dir='ltr'>quod</span> <span class='ocrx_word' id='word_1_202' title='bbox 626 3504 762 3588; x_wconf 84' lang='lat' dir='ltr'>parasiti</span> <span class='ocrx_word' id='word_1_203' title='bbox 790 3524 906 3569; x_wconf 90' lang='lat' dir='ltr'>nomen</span> <span class='ocrx_word' id='word_1_204' title='bbox 937 3503 1012 3568; x_wconf 89' lang='lat' dir='ltr'>inde</span> <span class='ocrx_word' id='word_1_205' title='bbox 1039 3503 1080 3569; x_wconf 90' lang='lat' dir='ltr'>ab</span> <span class='ocrx_word' id='word_1_206' title='bbox 1107 3503 1312 3585; x_wconf 88' lang='lat' dir='ltr'>antiquitatis</span> 
     </span>
     <span class='ocr_line' id='line_1_26' title="bbox 162 3604 1310 3691; baseline -0.001 -20"><span class='ocrx_word' id='word_1_207' title='bbox 162 3605 407 3691; x_wconf 66' lang='lat' dir='ltr'>temporibusl)</span> <span class='ocrx_word' id='word_1_208' title='bbox 436 3606 629 3672; x_wconf 89' lang='lat' dir='ltr'>invidiosum</span> <span class='ocrx_word' id='word_1_209' title='bbox 658 3606 866 3690; x_wconf 91' lang='lat' dir='ltr'>odiosumque</span> <span class='ocrx_word' id='word_1_210' title='bbox 894 3605 1037 3671; x_wconf 86' lang='lat' dir='ltr'>reddidit</span> <span class='ocrx_word' id='word_1_211' title='bbox 1058 3625 1127 3687; x_wconf 44' lang='lat' dir='ltr'>,non</span> <span class='ocrx_word' id='word_1_212' title='bbox 1154 3604 1234 3669; x_wconf 91' lang='lat' dir='ltr'>mihi</span> <span class='ocrx_word' id='word_1_213' title='bbox 1264 3605 1310 3670; x_wconf 91' lang='lat' dir='ltr'>di·</span> 
     </span>
     <span class='ocr_line' id='line_1_27' title="bbox 164 3706 1311 3795; baseline 0.001 -22"><span class='ocrx_word' id='word_1_214' title='bbox 164 3728 264 3792; x_wconf 90' lang='lat' dir='ltr'>gnum</span> <span class='ocrx_word' id='word_1_215' title='bbox 286 3706 389 3772; x_wconf 88' lang='lat' dir='ltr'>visum</span> <span class='ocrx_word' id='word_1_216' title='bbox 411 3714 477 3787; x_wconf 84' lang='lat' dir='ltr'>est,</span> <span class='ocrx_word' id='word_1_217' title='bbox 509 3708 541 3773; x_wconf 93' lang='lat' dir='ltr'>in</span> <span class='ocrx_word' id='word_1_218' title='bbox 566 3708 780 3795; x_wconf 88' lang='lat' dir='ltr'>quoddenuo</span> <span class='ocrx_word' id='word_1_219' title='bbox 802 3709 1013 3794; x_wconf 86' lang='lat' dir='ltr'>inquirerem,</span> <span class='ocrx_word' id='word_1_220' title='bbox 1042 3712 1214 3793; x_wconf 88' lang='lat' dir='ltr'>postquam</span> <span class='ocrx_word' id='word_1_221' title='bbox 1236 3712 1311 3774; x_wconf 85' lang='lat' dir='ltr'>anta</span> 
     </span>
    </p>
   </div>
   <div class='ocr_carea' id='block_1_3' title="bbox 235 3953 1310 4116">
    <p class='ocr_par' dir='ltr' id='par_1_3' title="bbox 235 3953 1310 4116">
     <span class='ocr_line' id='line_1_28' title="bbox 235 3953 591 4031; baseline -0.008 -18"><span class='ocrx_word' id='word_1_222' title='bbox 235 3961 258 4031; x_wconf 86' lang='lat'>¹)</span> <span class='ocrx_word' id='word_1_223' title='bbox 295 3959 359 4031; x_wconf 81' lang='grc' dir='ltr'>περὶ</span> <span class='ocrx_word' id='word_1_224' title='bbox 376 3953 532 4030; x_wconf 84' lang='grc' dir='ltr'><strong><em>παρασίτου</em></strong></span> <span class='ocrx_word' id='word_1_225' title='bbox 548 3961 591 4014; x_wconf 80' lang='grc'>31.</span> 
     </span>
     <span class='ocr_line' id='line_1_29' title="bbox 235 4044 1310 4116; baseline -0.003 -15"><span class='ocrx_word' id='word_1_226' title='bbox 235 4048 259 4116; x_wconf 82' lang='lat'>²)</span> <span class='ocrx_word' id='word_1_227' title='bbox 296 4047 332 4101; x_wconf 88' lang='lat' dir='ltr'>cf.</span> <span class='ocrx_word' id='word_1_228' title='bbox 354 4046 467 4101; x_wconf 89' lang='lat' dir='ltr'>Polemo</span> <span class='ocrx_word' id='word_1_229' title='bbox 492 4062 536 4115; x_wconf 88' lang='lat' dir='ltr'>ap.</span> <span class='ocrx_word' id='word_1_230' title='bbox 560 4046 660 4101; x_wconf 86' lang='lat' dir='ltr'>Athen.</span> <span class='ocrx_word' id='word_1_231' title='bbox 685 4046 724 4102; x_wconf 87' lang='lat' dir='ltr'>VI</span> <span class='ocrx_word' id='word_1_232' title='bbox 751 4063 778 4115; x_wconf 90' lang='lat' dir='ltr'>p.</span> <span class='ocrx_word' id='word_1_233' title='bbox 797 4046 849 4098; x_wconf 80' lang='lat'>234</span> <span class='ocrx_word' id='word_1_234' title='bbox 866 4044 905 4113; x_wconf 90' lang='lat' dir='ltr'>D;</span> <span class='ocrx_word' id='word_1_235' title='bbox 936 4044 1029 4098; x_wconf 81' lang='lat' dir='ltr'>Crates</span> <span class='ocrx_word' id='word_1_236' title='bbox 1047 4059 1091 4114; x_wconf 84' lang='lat' dir='ltr'>ap.</span> <span class='ocrx_word' id='word_1_237' title='bbox 1108 4044 1209 4099; x_wconf 83' lang='lat' dir='ltr'>Athen.</span> <span class='ocrx_word' id='word_1_238' title='bbox 1227 4046 1266 4102; x_wconf 79' lang='lat' dir='ltr'>vl</span> <span class='ocrx_word' id='word_1_239' title='bbox 1283 4062 1310 4114; x_wconf 91' lang='lat' dir='ltr'>p.</span> 
     </span>
    </p>
   </div>
   <div class='ocr_carea' id='block_1_4' title="bbox 163 4134 270 4192">
    <p class='ocr_par' dir='ltr' id='par_1_4' title="bbox 163 4134 270 4192">
     <span class='ocr_line' id='line_1_30' title="bbox 163 4134 270 4192; baseline 0.009 -4"><span class='ocrx_word' id='word_1_240' title='bbox 163 4137 218 4192; x_wconf 78' lang='lat'>234</span> <span class='ocrx_word' id='word_1_241' title='bbox 236 4134 270 4190; x_wconf 77' lang='lat' dir='ltr'>E.</span> 
     </span>
    </p>
   </div>
   <div class='ocr_carea' id='block_1_5' title="bbox 0 0 1380 4575">
    <p class='ocr_par' dir='ltr' id='par_1_5' title="bbox 0 0 1380 4575">
     <span class='ocr_line' id='line_1_31' title="bbox 0 0 1380 4575; baseline 0 0"><span class='ocrx_word' id='word_1_242' title='bbox 0 0 1380 4575; x_wconf 95' lang='lat' dir='ltr'> </span> 
     </span>
    </p>
   </div>
  </div>
 </body>
</html>
