2750 4575
722 141 762 202 42

172 327 262 393 festis
293 329 347 393 sed
376 329 473 393 etiam
505 330 544 394 de
575 329 771 412 singulorum
801 348 956 412 pagorum
987 328 1086 392 sacris
1116 328 1311 393 celebrandis
1359 342 1360 397 l

171 429 329 495 nonnulla
350 434 599 516 praescripsisse.
645 432 836 514 Priusquam
859 451 933 522 vero
955 429 995 494 de
1017 430 1078 494 hac
1096 452 1132 495 re
1147 431 1312 515 disputem,

171 539 209 595 ut
230 533 269 597 de
284 533 438 618 Apollinis
460 534 548 599 cultu
571 555 653 618 quae
675 534 834 618 parasitos
857 538 1003 615 tangant,
1026 539 1123 596 antea
1143 532 1311 616 proferam,

172 635 341 700 dicendum
361 636 440 700 mihi
463 642 521 716 est,
544 637 702 720 quomodo
725 637 764 700 de
786 635 930 718 cyrbium
952 635 1022 700 loco
1040 635 1198 717 judicem,
1220 657 1313 719 quem

172 742 209 802 ut
236 737 403 822 plerosque
426 739 505 803 alios
527 739 567 802 de
589 739 740 821 parasitis
760 760 799 802 ex
822 738 993 802 Polemone
1015 737 1189 802 hausimus.
1234 739 1314 802 Sunt

173 845 279 905 autem
308 842 487 905 Polemonis
514 841 611 905 verba
632 845 656 920 Ι)
678 840 774 904 haee:
814 837 848 905 ἐν
877 837 913 905 δὲ
942 843 1014 917 τοῖς
1040 835 1173 923 κύρβεσι
1201 843 1272 917 τοῖς
1286 843 1312 921 2)

173 939 251 1029 περὶ
271 947 337 1006 τῶν
358 943 556 1029 Δηλιαστῶν
583 938 687 1020 οὕτως
708 941 905 1029 γέγραπται·
933 939 990 1007 καὶ
1016 939 1065 1006 το)
1093 938 1209 1029 κη’ρυκε
1224 946 1252 1025 3)
1280 939 1312 1007 ἐκ

172 1049 231 1110 τοῦ
258 1043 369 1130 γένους
395 1049 460 1109 τῶν
487 1041 630 1132 κηρύκιον
656 1051 716 1110 τοῦ
743 1050 802 1133 τῆς
828 1040 1096 1133 μυστηριώτιδος.
1123 1041 1259 1123 τούτους
1280 1043 1311 1110 δὲ

172 1150 367 1234 παρασιτεῖν
389 1145 423 1213 ἐν
444 1151 492 1234 τῷ
514 1143 628 1235 Δηλίῳ
650 1145 806 1214 ἐνιαυτόν.
853 1149 944 1229 ,Duo
966 1170 1139 1235 praecones
1161 1149 1201 1213 de
1223 1154 1311 1231 gente

172 1251 448 1315 Eleusiniacorum
465 1254 494 1332 ⁴)
522 1274 580 1336 per
610 1273 730 1316 annum
761 1253 794 1316 in
818 1252 908 1316 Delio
936 1259 1030 1318 sunto
1053 1252 1220 1336 parasiti.“
1266 1250 1312 1314 Sic

172 1353 326 1417 vertenda
349 1360 423 1418 sunt
445 1353 525 1419 haec
547 1354 658 1435 verba,
682 1354 737 1419 sed
760 1353 920 1420 difficilius
943 1360 992 1419 est
1014 1354 1053 1419 de
1076 1353 1210 1437 singulis
1230 1359 1312 1418 recte

168 1455 323 1538 judicare.
369 1455 504 1522 Constat
534 1464 658 1537 autem,
698 1458 907 1522 Athenienses
937 1458 1115 1541 antiquitus
1145 1455 1312 1540 quotannis

173 1558 295 1642 legatos
321 1559 444 1623 misisse
467 1559 600 1640 Delum,
639 1560 694 1643 qui
722 1559 884 1624 Deliastae
914 1560 1156 1624 nominarentur
1172 1563 1211 1642 ⁵).
1254 1557 1312 1623 Ubi

171 1666 298 1747 tempus
319 1681 429 1726 sacrae
445 1661 588 1726 theoriae
604 1663 691 1726 venit
712 1663 745 1726 in
763 1662 864 1742 Delio,
887 1661 972 1745 quod
989 1662 1179 1727 Marathone
1195 1669 1265 1727 erat
1277 1663 1311 1743 ⁶),

244 2006 264 2075 ι)
299 1982 410 2060 Athen.
422 2003 461 2060 VI
479 2021 506 2072 p.
527 2005 579 2058 234
596 2003 627 2056 F.

243 2093 266 2163 Ἰ)
303 2093 366 2146 Non
383 2091 583 2160 dubitaverim,
614 2090 681 2159 quin
699 2090 811 2144 Polemo
830 2092 883 2146 hoc
901 2092 962 2146 loco
980 2095 1037 2149 τοῖς
1056 2092 1214 2160 scripserit,
1245 2091 1312 2161 qnod

172 2181 300 2237 omittere
320 2180 430 2249 debuit,
454 2197 518 2233 nam
537 2180 692 2249 complures
711 2179 745 2233 de
763 2178 828 2233 solis
846 2179 976 2233 Deliastis
995 2179 1134 2232 exstitisse
1153 2175 1256 2251 κύρβεις
1274 2196 1311 2233 ve·

171 2270 286 2325 sisimile
303 2286 358 2324 non
377 2272 427 2323 est.
462 2267 590 2322 Ceterum
608 2268 642 2322 de
660 2263 795 2322 vocabulo
813 2263 919 2340 κύρβεις
940 2268 975 2322 ef.
996 2284 1102 2322 excurs.

242 2359 265 2426 3)
301 2358 337 2411 cf.
356 2358 392 2411 de
408 2357 591 2426 praeconibus
609 2356 698 2410 Meier
716 2356 750 2409 de
768 2357 865 2425 gentil.
883 2356 942 2411 Att.
961 2375 988 2426 p.
1008 2360 1051 2412 43.
1091 2356 1146 2411 Sed
1164 2374 1219 2410 nou
1236 2356 1308 2408 intel·

172 2449 229 2520 ligo
247 2463 296 2502 cur
314 2462 393 2498 suum
411 2444 510 2513 cuique
527 2444 632 2513 templo
650 2443 735 2497 fuisse
753 2461 840 2514 genus
857 2461 1024 2513 praeconum
1040 2447 1128 2514 putet,
1148 2460 1212 2498 cum
1225 2447 1310 2513 aperte

174 2553 208 2590 ex
230 2535 282 2589 hac
304 2535 365 2603 lege
389 2532 563 2602 intelligatur
587 2532 623 2586 ad
645 2532 756 2584 Delium
781 2532 916 2601 Apollinis
938 2533 1106 2601 peculiarem
1127 2537 1239 2600 gentem
1261 2548 1309 2585 non

173 2623 348 2694 pertinuisse.
388 2620 476 2674 Immo
495 2621 531 2674 ad
548 2620 681 2673 honorem
699 2619 781 2688 hujus
799 2620 845 2673 dei
864 2637 898 2673 ex
916 2619 1154 2673 Eleusiniacorum
1174 2624 1256 2691 gente
1272 2617 1309 2684 (ci.

173 2713 209 2768 ad
226 2714 283 2766 not.
294 2710 322 2779 4)
341 2708 517 2778 eligebantur
535 2707 597 2761 duo.
634 2707 725 2775 Quare
741 2707 841 2762 Pollux
858 2708 894 2762 de
911 2709 1095 2777 praeconibus
1114 2708 1144 2760 in
1161 2709 1308 2761 uuiversum

172 2803 249 2855 recte
266 2799 405 2868 judicasse
422 2795 546 2863 videtur,
566 2812 629 2849 cum
648 2796 738 2849 dicat:
765 2796 849 2866 κῆρυξ
865 2791 880 2845 ὁ
899 2799 953 2866 μέν
971 2814 1011 2855 τις
1028 2800 1083 2848 τῶν
1098 2800 1241 2865 μυστικῶν
1259 2789 1309 2848 ἀπὸ

173 2884 298 2959 Κήρυκας
314 2888 365 2936 τοῦ
381 2878 483 2954 Ἑρμοῦ
501 2885 548 2934 καὶ
565 2878 734 2954 Πανδρόσου
751 2886 799 2948 τῆς
816 2886 974 2953 Κέκροπος·
999 2880 1014 2935 ὁ
1033 2883 1065 2937 δὲ
1083 2885 1148 2954 περὶ
1164 2881 1227 2943 τοὺς
1244 2882 1309 2954 dysi-

173 2992 233 3036 νας·
256 2977 283 3028 οἱ
301 2973 333 3027 δὲ
351 2973 415 3043 περὶ
432 2967 481 3029 τὰς
498 2967 616 3041 πομπὰς
634 2971 665 3025 ἐκ
681 2974 733 3023 τοῦ
749 2968 889 3023 Εύνειδιῦν
906 2974 1015 3040 μένους·
1042 2974 1070 3024 οἱ
1088 2972 1120 3026 δὲ
1136 2971 1195 3025 κατ’
1214 2967 1309 3044 ἀγορὰν

173 3061 208 3118 τὰ
227 3058 294 3116 ὤνια
312 3055 552 3132 προκηρύττοντες.
585 3059 671 3113 Errat
689 3060 801 3128 quidem
819 3059 893 3128 quod
911 3076 996 3112 unum
1013 3060 1096 3113 modo
1113 3065 1168 3112 τῶν
1179 3061 1309 3131 μυστικῶν

174 3149 277 3224 κήρυκα
297 3150 345 3222 (cf.
363 3148 488 3219 Xenoph.
506 3148 615 3202 Hellen.
632 3149 668 3217 11,
686 3151 712 3217 4,
730 3150 774 3217 20)
802 3148 909 3201 scilicet
926 3142 1087 3217 ἱεροκήρυκα
1112 3146 1159 3215 (cf.
1177 3145 1308 3202 Demosth.

174 3240 272 3296 Neaer.
291 3257 319 3309 p.
339 3241 417 3300 1371)
434 3237 571 3304 nominat,
591 3253 637 3290 eos
655 3254 710 3290 non
730 3235 916 3303 enumeravit,
934 3235 982 3303 qui
1000 3252 1035 3287 ex
1052 3235 1148 3289 eadem
1166 3240 1247 3307 gente
1264 3233 1308 3288 ori·

175 3329 244 3384 undi
261 3344 319 3381 esse
338 3326 485 3380 dehebant.
520 3325 562 3377 De
580 3324 680 3392 quibus
697 3324 785 3378 Meier
802 3324 820 3377 1.
838 3323 857 3376 l.

244 3415 267 3484 ⁴)
302 3415 363 3469 Hoc
381 3413 454 3466 enim
471 3411 556 3465 verba
573 3411 603 3463 ἐκ
622 3414 672 3463 τοῦ
689 3413 785 3480 γένους
802 3413 852 3461 τοῦ
867 3413 915 3475 τῆς
925 3405 1142 3481 μυστηριώτιδος
1154 3410 1307 3482 significant.

175 3503 210 3560 ef.
227 3502 340 3558 Lobeck
360 3499 496 3569 Aglaoph.
514 3517 541 3568 p.
560 3501 620 3554 213.
640 3497 764 3550 σπονδαὶ
780 3496 995 3569 μυστηριωτίδες
1012 3515 1033 3551 s.
1050 3502 1190 3567 μυστικαί.
1229 3495 1306 3566 Quod·

174 3609 239 3647 nam
263 3589 428 3644 vocabulum
446 3589 481 3642 ad
498 3588 652 3657 genitivum
676 3586 860 3656 supplendum
883 3586 921 3639 sit
942 3586 1093 3654 nescimus,
1122 3603 1187 3639 nam
1206 3582 1306 3641 Casaub.

175 3697 219 3752 ap.
236 3679 320 3734 Petit.
336 3677 410 3747 legg.
428 3676 487 3729 Att.
506 3692 533 3744 p.
552 3678 603 3730 165
626 3693 681 3730 non
705 3678 781 3729 reete
799 3675 833 3728 de
851 3674 993 3737 vocabulis
1012 3673 1163 3744 ἐφημερίας
1180 3677 1224 3728 vel
1239 3674 1307 3744 μέρν

176 3767 225 3828 doc
243 3765 407 3836 cogitavisse
423 3764 542 3818 videtur.

246 3855 269 3923 5)
303 3853 392 3907 Msier
410 3853 445 3907 de
463 3851 560 3921 gentil.
578 3851 637 3904 Att.
654 3868 681 3918 p.
696 3851 739 3902 51.

247 3941 271 4007 θ)
304 3939 421 3993 Athenis
444 3939 512 4008 ipsis
536 3938 646 3992 Delium
667 3954 724 3989 non
748 3939 816 3989 erat.
852 3935 887 3989 cf.
905 3935 1059 3989 Mommsen
1083 3934 1208 3990 Heortol.
1230 3955 1255 4005 p.
1271 3933 1304 3986 50·

179 4029 220 4081 51.
234 4057 267 4069 -
292 4025 332 4078 Le
349 4026 431 4093 Beau,
449 4026 571 4079 Histoire
589 4025 623 4078 de
640 4023 740 4077 l’acad.
758 4023 806 4076 des
824 4023 950 4092 inscript.
968 4025 1043 4077 tome
1060 4024 1153 4078 XXXI
1169 4042 1197 4094 p.
1211 4027 1244 4078 54
1260 4034 1306 4075 ou·
