2750 4575
52 562 54 567 .
206 476 280 543 Jam
303 496 376 541 cum
398 473 439 539 de
460 472 569 538 nothis
591 473 669 556 quid
687 473 870 556 judicemus
891 472 1120 556 protulerimus
1142 472 1182 536 de
1205 473 1269 535 siu-

52 570 54 577 ’
121 578 206 665 gulis
227 578 308 662 legis
331 583 429 661 atque
450 575 679 661 psephismatis
701 576 884 660 praeceptis
900 577 1082 640 accuratius
1096 575 1271 639 videndum

124 689 181 747 est.
228 684 273 745 Ac
296 680 435 763 primum
457 677 587 761 quidem
609 678 800 760 praescribit
820 677 1023 762 psephisma:
1058 671 1100 740 ad
1127 675 1164 741 δὲ
1192 673 1270 741 ἐπι-

122 780 223 871 μήνια
244 780 355 847 θυέτω
376 775 394 844 ὁ
420 775 522 866 ἱερεὺς
542 776 626 860 μετὰ
648 785 714 844 τῶν
735 776 937 863 παρασίτων.
985 780 1163 846 Verisimile
1193 800 1271 843 sane

123 892 181 967 est,
204 886 317 951 eadem
339 884 437 948 verba
458 883 508 946 rel
532 904 614 965 quae
637 884 750 948 eadem
776 884 974 967 imperarent
995 883 1029 947 in
1051 882 1122 966 lege
1145 882 1272 947 Solonis

123 1009 249 1074 quoque
272 986 452 1064 exstitisse,
489 1006 683 1068 quamquam
715 985 755 1049 de
783 984 843 1049 hac
873 1005 909 1049 re
932 983 1013 1049 nihil
1034 985 1190 1049 tradItum
1212 990 1271 1064 est,

122 1091 211 1157 haud
233 1089 328 1154 dubie
351 1094 470 1166 autem,
493 1108 576 1170 quae
597 1107 691 1151 sacra
713 1087 847 1171 singulis
869 1087 1031 1152 mensibus
1053 1087 1182 1166 fiebant,
1205 1108 1271 1151 non

123 1192 165 1258 ab
187 1191 354 1257 Alcibiade
376 1190 545 1270 instituta,
584 1190 639 1253 sed
662 1212 702 1252 ex
724 1190 957 1272 antiquissimis
979 1190 1176 1273 temporibus
1198 1195 1273 1253 sunt

123 1295 271 1380 repetita.
314 1286 491 1379 Ἐπιμήνια
507 1293 682 1356 secundum
699 1291 932 1375 Hesychium1)
956 1297 1051 1356 erant
1065 1313 1166 1372 sacra,
1189 1313 1272 1375 quae

124 1398 279 1481 cujusque
311 1396 431 1460 mensis
460 1401 604 1479 tempore
633 1395 884 1459 intermenstruo
916 1395 1171 1459 celebrabantur.
1223 1395 1273 1459 Ex

125 1521 162 1565 eo
184 1519 259 1563 vero
281 1498 367 1581 quod
390 1497 539 1561 sacerdos
562 1506 591 1559 el
606 1494 750 1579 parasiti
771 1496 952 1561 sacrificare
971 1498 1127 1580 jubentur
1148 1497 1182 1561 id
1198 1518 1272 1561 con-

126 1602 212 1666 cludi
236 1600 413 1680 nonlicet,
437 1600 598 1683 parasitos
621 1599 800 1664 sacerdotio
823 1599 931 1682 aliquo
954 1600 1081 1664 functos
1103 1620 1188 1679 esse,
1218 1600 1274 1664 sed

125 1725 198 1768 cum
220 1724 278 1787 per
302 1724 335 1767 se
358 1702 515 1786 suspicari
537 1721 722 1786 possumus,
753 1707 822 1766 tum
846 1702 983 1766 Pollucis
1005 1703 1199 1767 auctoritate
1219 1703 1273 1767 do

125 1827 234 1872 cernur
256 1811 289 1870 et
309 1805 427 1889 spuriis
449 1804 490 1868 ad
514 1803 643 1887 publica
666 1803 847 1868 sacerdotia
869 1805 992 1869 aditum
1015 1806 1150 1869 vetitum
1176 1804 1273 1870 luisse

125 1914 159 1974 et
180 1909 340 1993 parasitos
362 1906 522 1969 ministros
545 1906 639 1972 modo
661 1905 760 1970 luisse
783 1927 949 1971 sacrorum
966 1909 996 1990 2)
1024 1900 1126 1990 (ἱερᾶς
1153 1901 1270 1992 ὑπερε-

28 1996 47 2007 ’“
127 2007 202 2089 σίας
222 2002 377 2092 τοῦνομα)
394 2012 434 2089 ³).
481 2009 570 2086 Quae
592 2014 769 2091 sequuntur
790 2010 889 2074 verba
909 2009 1153 2093 psephismatis:
1183 2005 1215 2075 oi
1238 2010 1274 2076 δὲ

127 2205 332 2217 .-.-----

193 2339 214 2408 l)
250 2356 274 2393 v.
295 2332 450 2406 ἐπιμήνιοι·
469 2337 497 2386 οἱ
516 2336 661 2406 ἱεροποιοί,
680 2336 802 2388 ἐκαλεῖτο
821 2336 852 2391 di
874 2339 920 2390 καὶ
938 2341 1024 2390 θυσία
1042 2356 1082 2396 τις
1100 2336 1277 2411 ἐπιμήνια

124 2425 141 2495 ἡ
161 2424 229 2480 κατὰ
247 2429 323 2496 μῆνα
341 2427 375 2496 τῇ
392 2425 528 2492 νουμηνίᾳ
547 2423 754 2494 συντελουμένη.

196 2516 219 2583 ²)
254 2513 333 2567 Hanc
350 2512 439 2579 ipsam
458 2511 493 2565 ob
512 2516 812 2580 consummaverunt,
831 2513 878 2580 qui
897 2512 1032 2581 parasitos
1051 2513 1207 2567 sacerdotes
1227 2529 1278 2583 ap·
1350 2535 1351 2538 ¹

126 2603 233 2673 pellant
252 2601 299 2666 (cf.
312 2598 611 2652 Walkenaerbistoire
630 2600 665 2652 de
683 2600 712 2651 la
728 2601 773 2654 vie
792 2603 820 2652 et
832 2600 880 2653 des
894 2600 1000 2668 poesies
1013 2600 1149 2653 d'Horace
1166 2619 1193 2669 p.
1204 2603 1276 2655 290:

126 2691 251 2760 „pretres
279 2686 481 2755 subalternes“)
508 2685 609 2753 quique
634 2704 697 2739 cum
723 2686 883 2741 Casaubono
908 2688 952 2755 (cf.
971 2688 1191 2758 Schweighaeus.
1218 2691 1279 2742 ani·

125 2779 217 2832 madv.
237 2778 266 2830 in
284 2775 357 2828 Abh.
404 2773 445 2825 III
463 2791 490 2841 p.
510 2773 587 2840 356),
618 2777 650 2826 ut
667 2775 832 2827 vocabulum
851 2773 1003 2846 nuptiantes
1019 2776 1106 2829 latine
1125 2777 1280 2831 redderent

126 2865 249 2935 epulones
268 2880 314 2916 eos
331 2862 552 2915 nominaverunt.
594 2861 635 2914 De
660 2863 760 2930 quibus
786 2862 948 2930 epulonibus
968 2880 1051 2930 quam
1069 2866 1280 2920 accuratissime

126 2953 257 3007 disseruit
279 2948 486 3017 Marquardtius
515 2946 562 3017 (cf.
587 2949 704 3003 Bekker.
726 2950 898 3018 Marquardt.
921 2951 1016 3005 Roem.
1038 2952 1158 3006 Alterth.
1184 2953 1223 3009 IV
1247 2973 1276 3023 p.

127 3042 278 3099 ael-294)
296 3039 349 3106 ita,
367 3041 400 3091 ut
417 3038 452 3091 de
470 3037 523 3091 hoc
541 3037 659 3108 collegio
677 3037 736 3091 fere
754 3038 860 3108 omnia,
879 3056 949 3107 quae
968 3040 1012 3092 vel
1030 3038 1059 3091 iu
1078 3041 1156 3093 libris
1173 3041 1217 3094 vel
1235 3042 1278 3095 in·

126 3127 323 3197 scriptionibus
340 3127 535 3193 inveniuntur,
563 3127 708 3196 collegisse
727 3127 862 3180 videatur.
908 3126 950 3179 Ne
977 3126 1076 3196 longus
1102 3129 1154 3181 sim
1182 3128 1278 3199 affero,

127 3218 247 3287 primum
266 3219 373 3269 creatos
392 3231 452 3268 esse
469 3214 510 3268 III
528 3215 601 3269 viros
621 3216 753 3283 epulones
771 3232 843 3268 anno
862 3231 886 3267 a.
903 3213 965 3267 Chr.
988 3217 1038 3268 196
1057 3215 1126 3284 (Liv.
1145 3217 1277 3286 XXXIII,

127 3305 172 3372 42)
194 3308 227 3356 ut
244 3303 339 3356 Cicero
365 3302 410 3369 (de
429 3306 498 3356 orat.
516 3302 565 3370 111,
586 3305 627 3369 19,
647 3303 691 3367 73)
718 3303 788 3355 dicit
811 3306 943 3370 „propter
962 3319 1103 3356 sacrorum
1120 3305 1278 3359 multitudi-

124 3392 216 3445 nem“.
262 3390 350 3443 Addit
365 3390 459 3444 Livius
476 3390 495 3441 l.
507 3389 541 3441 l.:
560 3389 603 3440 his
620 3390 661 3442 III
685 3390 752 3444 viris
770 3390 838 3442 item
855 3394 888 3442 ut
905 3388 1081 3457 pontificibus
1100 3392 1161 3461 lege
1180 3394 1279 3446 datum

125 3483 209 3548 togae
227 3480 390 3547 praetextae
406 3476 550 3530 habendae
568 3476 622 3544 jus.
656 3477 812 3530 Posteriora
830 3478 948 3545 quodam
966 3480 1090 3546 tempore
1109 3497 1159 3547 pro
1178 3480 1219 3534 III
1237 3483 1279 3535 vi-

126 3567 165 3619 ris
185 3566 352 3620 creabantur
368 3565 420 3620 VII
437 3565 498 3632 viri,
518 3563 641 3617 Caesaris
660 3567 752 3617 aetate
770 3569 882 3632 recepto
896 3566 1006 3618 nomine
1024 3567 1076 3619 VII
1088 3568 1211 3620 virorum
1229 3570 1278 3623 de-

128 3671 187 3708 cem
206 3654 268 3722 (Dio
285 3652 357 3705 Cass.
375 3651 474 3719 XLIII,
497 3652 549 3718 51).
589 3650 633 3704 Ex
656 3651 794 3712 Ciceronis
818 3653 943 3720 Liviique
967 3654 1034 3707 loeis
1058 3659 1159 3723 aperte
1177 3657 1277 3726 clucet,

127 3741 213 3796 fuisse
231 3758 276 3795 eos
294 3757 351 3794 non
368 3739 451 3793 modo
470 3740 645 3792 sacerdotum
663 3741 812 3807 ministros,
831 3742 880 3793 sed
892 3741 966 3809 ipsos
985 3742 1150 3795 sacerdotes.
1187 3743 1278 3809 Quare

126 3846 228 3885 nomeu
245 3828 395 3897 epulonum
410 3844 464 3896 pro
481 3827 611 3895 parasitis
628 3831 793 3896 usurpatum
810 3829 921 3882 omniuo
934 3828 1116 3897 rejiciendum
1133 3833 1183 3897 est,
1202 3849 1277 3885 cum-

128 3934 181 3986 que
197 3916 364 3971 vocabulum
382 3909 534 3987 παράσιτος
550 3915 641 3983 ipsum
661 3915 691 3967 in
709 3916 833 3985 linguam
850 3917 966 3970 latinam
984 3921 1125 3985 receptum
1144 3920 1194 3982 sit,
1220 3937 1277 3974 non

129 4008 172 4058 est
190 4021 239 4058 cur
257 4005 291 4058 ab
310 4004 363 4056 hoc
383 4003 495 4057 nomine
513 4002 718 4056 abhorreamus.

199 4092 222 4160 3)
257 4091 356 4146 Pollux
368 4089 414 4157 VI,
428 4093 470 4158 34,
484 4092 526 4143 35.
540 4121 574 4131 -
593 4090 629 4143 cf.
647 4089 753 4143 Preller
771 4089 874 4143 Polem.
892 4089 991 4159 fragm.
1008 4107 1035 4158 p.
1051 4093 1110 4144 119.
1124 4121 1157 4130 -
1177 4092 1275 4150 Schoe-

129 4194 214 4233 mann
231 4179 317 4246 antiq.
337 4195 364 4245 p.
383 4179 443 4232 258.
987 4217 989 4220 ψ
