2750 4575
748 184 789 243 44

196 371 446 437 celeberrimum.
492 371 555 436 Sed
576 371 662 454 quod
684 371 1047 454 Schweighaeuserus1)
1069 374 1167 454 dicit,
1201 376 1310 441 vocabu·

196 474 263 540 lum
292 468 462 561 Παλληνίς
490 474 529 538 de
559 474 678 557 templo
708 473 777 557 ipso
807 495 899 558 posse
927 477 1077 560 usurpari
1107 498 1147 541 ex
1175 479 1218 542 eis
1244 479 1311 558 locis,
1340 553 1341 562 χ

195 598 275 661 quos
297 576 392 641 affert
413 576 580 660 (Polyaen.
604 576 629 654 Ι,
653 580 681 656 2,
705 583 734 640 4.
767 576 876 660 Eurip.
901 577 1026 642 Heracl.
1054 584 1163 658 1031),
1193 587 1228 644 ut
1245 581 1312 645 Prel-

194 679 280 744 lerus
299 685 386 744 recte
408 679 487 743 dicit
504 681 552 760 2),
589 700 753 762 nunquam
782 679 940 762 probabit.
986 681 1089 759 Quam
1113 682 1256 762 obrem,
1287 691 1314 747 ut

194 782 369 846 Petersenii
385 784 417 864 3]
448 782 562 845 miram
586 801 649 845 nou
672 781 767 845 modo
789 780 846 845 sed
867 782 1010 866 ineptam
1033 785 1259 867 conjecturam:
1291 783 1315 849 ἐν
1341 797 1342 802 ’

194 880 376 971 Παλλαδίῳ
399 884 527 948 omniuo
549 891 771 968 praeteream,
810 889 867 948 aut
887 880 1054 973 Παλληνίς
1081 909 1234 970 provere
1258 888 1315 952 libri

194 988 290 1053 titulo
313 987 461 1052 habenda
487 991 535 1050 est
564 992 613 1066 (ut
634 986 792 1069 significet
814 987 865 1050 vel
889 989 947 1067 „de
970 988 1114 1054 Minerva
1135 990 1315 1055 Pallenensi*

193 1091 244 1154 vel
273 1090 446 1154 secuudum
475 1089 656 1171 analogiam
685 1109 799 1153 vocum
820 1085 941 1166 Άνθίς
960 1083 1057 1168 'lteris
1081 1092 1234 1173 „historia
1259 1093 1316 1177 pagi

193 1193 377 1269 Pallenae“)
402 1199 459 1257 aut
481 1193 658 1257 Prellerum
681 1212 854 1276 sequamur
875 1214 1002 1257 necesse
1025 1199 1089 1273 est,
1111 1195 1167 1278 qui
1188 1197 1317 1279 putata,

192 1296 324 1360 titulum
347 1294 549 1360 decurtatum
570 1316 638 1360 esse
661 1316 701 1358 ex
722 1294 865 1378 pleniore
887 1294 1025 1360 formula
1052 1293 1085 1360 ἒν
1111 1302 1160 1383 τῷ
1181 1294 1318 1383 περὶτῆς
1343 1286 1344 1299 ’

191 1393 410 1485 Παλληνίδος,
434 1399 525 1482 cujus
546 1398 593 1461 rei
616 1397 695 1461 satis
717 1403 795 1479 apta
816 1395 910 1460 affert
932 1399 1088 1481 exempla.
1127 1399 1210 1465 Utut
1230 1419 1319 1464 resse

191 1501 298 1582 habet,
321 1501 432 1584 negari
456 1523 519 1565 non
542 1505 656 1585 potest,
679 1499 901 1563 Themisonem
924 1500 957 1564 in
980 1500 1036 1565 illo
1052 1501 1132 1567 libro
1148 1502 1188 1566 de
1205 1503 1319 1567 Pallena
1344 1531 1345 1548 ν

190 1624 274 1689 pago
296 1604 391 1668 etde
413 1603 559 1668 Minerva
581 1601 763 1666 Pallenensi
785 1602 957 1685 scripsisse.
1001 1603 1107 1682 Quare
1135 1625 1178 1668 ne
1208 1625 1247 1669 ea
1267 1603 1321 1686 qui·

192 1706 264 1771 dem
287 1707 472 1789 conjectura
494 1711 613 1769 temere
635 1704 723 1769 facta
744 1725 812 1767 esse
835 1705 969 1786 videtur,
992 1706 1094 1789 legem
1117 1707 1211 1772 illam
1225 1705 1320 1771 a'lhe·

191 1809 313 1875 misene
342 1809 535 1892 descriptam
563 1808 598 1872 in
627 1806 746 1891 templo
769 1806 931 1871 Minervae
955 1807 1154 1875 Pellenensis
1176 1831 1269 1875 suum
1289 1808 1346 1882 lom

191 1933 263 1976 curn
286 1911 444 1976 habuisse.
489 1910 618 1975 Partem
641 1931 715 1975 vero
737 1930 805 1974 esse
828 1910 911 1974 hauc
932 1911 1037 1992 legem
1058 1910 1137 1993 legis
1160 1913 1270 1995 regiae
1294 1930 1325 1973 er

191 2013 330 2078 Pollucis
351 2013 456 2077 verbis
473 2016 518 2090 ⁵):
549 2007 568 2100 ἡ
599 2011 635 2078 δὲ
657 2010 693 2077 ἐκ
715 2007 901 2097 παρθενίας
922 2009 988 2077 τινὶ
1008 2012 1214 2101 γεγαμημένη
1237 2036 1324 2096 argue

190 2111 365 2194 τόποσις
394 2114 558 2193 ἐκαλεῖτο,
586 2114 769 2201 γέγραπται
799 2115 835 2180 δὲ
856 2108 1001 2197 τοῦνομα
1022 2114 1083 2194 (ἐν)
1106 2120 1154 2203 τῷ
1176 2121 1249 2182 τοῦ
1271 2119 1325 2200 βα-

190 2217 334 2297 σιλέως
356 2214 460 2305 νόμῳ
481 2219 588 2302 colligi
609 2225 725 2304 potest.
769 2218 851 2283 Tota
872 2220 979 2302 igitur,
1002 2220 1036 2283 ni
1051 2219 1157 2301 fallor,
1182 2219 1238 2285 lex
1254 2218 1328 2302 regia

190 2324 299 2389 omnia
329 2322 368 2388 de
396 2322 593 2405 singulorum
621 2342 778 2406 pagorum
807 2323 906 2387 sacris
932 2324 1130 2407 praescripta
1152 2322 1334 2401 continebat„

189 2432 222 2490 et
243 2425 378 2490 Athenis
398 2425 431 2489 in
456 2432 526 2489 stoa
548 2426 637 2510 regia
664 2425 909 2503 asservabatur,
945 2427 1044 2490 totius
1074 2446 1149 2490 vero
1179 2425 1264 2510 legis
1290 2420 1328 2487 vel

189 2528 387 2612 singularum
409 2528 550 2613 partium
572 2528 770 2611 exemplaria
791 2528 824 2591 in
845 2527 978 2612 singulis
993 2528 1248 2594 asservabantur
1263 2535 1329 2593 tem·

188 2632 268 2716 plis,
306 2630 347 2694 ad
377 2651 459 2714 quae
489 2630 616 2712 singula
639 2631 718 2713 legis
741 2631 941 2715 praescripta
962 2631 1162 2714 pertinerent
1177 2633 1221 2715 6).
1268 2632 1328 2697 Jan

189 2733 230 2798 ad
253 2739 478 2814 argumentum
506 2731 584 2816 legis
606 2734 858 2816 progrediamur.
904 2732 995 2811 Quod
1018 2732 1332 2817 Schweighaeuserus

188 2835 327 2918 conjecit
347 2829 394 2913 ὠς
414 2828 454 2899 bv
476 2856 535 2920 pro
557 2836 704 2900 codicum
725 2831 783 2913 οὕς
803 2828 843 2900 δν
864 2835 994 2919 probari
1015 2836 1136 2920 nequit,
1160 2858 1240 2901 cum
1256 2834 1331 2923 quod

188 2945 445 3023 exspectaremus
466 2941 532 3002 τῶν
554 2933 763 3025 παρασίτων,
790 2945 860 3003 tum
883 2938 968 3021 quod
989 2959 1079 3003 mera
1100 2941 1260 3023 repetitio
1282 2937 1332 3002 on‘·

187 3133 394 3144 *—

186 3285 305 3356 Εὖβοίας
323 3283 501 3358 ἐστράτευσεν
521 3288 569 3341 ἐπὶ
586 3285 636 3354 τὴν
649 3285 771 3357 Ἀττικὴν
789 3291 838 3344 ἐπὶ
855 3291 1088 3356 Παλληνίδος.
1112 3323 1137 3332 -
1158 3293 1336 3363 Lycophron.

185 3377 265 3431 Alex.
281 3378 363 3439 1261.
390 3373 488 3444 δείμας
510 3372 542 3428 δὲ
565 3373 651 3440 σηκὸν
675 3376 793 3446 Μννδία
817 3379 1022 3444 Παλληνίδι.
1040 3409 1074 3419 -
1104 3379 1206 3449 Eurip.
1233 3378 1335 3435 Heracl.

187 3467 248 3521 849.
268 3495 300 3504 -
331 3461 449 3532 Hesycb.
469 3478 490 3515 s.
508 3479 535 3515 v.
561 3466 705 3533 παρθένου
727 3465 909 3531 Παλληνίδος
936 3467 1042 3539 [ἱέρεια]
1055 3465 1186 3532 Ἀθηνᾶς·
1209 3463 1338 3537 ἔστιγὰρ

187 3549 262 3625 ἱερὸν
275 3549 393 3615 Ἀθηνᾶς
410 3549 441 3601 ἐν
457 3549 666 3615 Παλληνίδι.

257 3639 279 3708 ¹)
315 3637 453 3693 animadv.
471 3639 507 3691 ad
526 3638 626 3692 Athen.
644 3640 685 3694 III
702 3658 729 3710 p.
744 3644 804 3697 358.

258 3727 280 3795 λ)
315 3726 491 3795 l.l.p.117.

255 3815 279 3884 ³)
314 3812 479 3882 Arch.Ztg.
498 3812 553 3866 1.1.

256 3902 279 3971 ⁴)
314 3902 415 3970 l.l.p.
437 3902 496 3954 118.

258 3989 281 4057 5)
314 3988 364 4056 111,
382 3989 425 4043 39.

257 4076 280 4143 ⁶)
316 4075 351 4129 cf.
369 4074 457 4129 Meier
474 4074 655 4130 Seboemann.
673 4076 736 4134 Aa.
752 4076 830 4132 Proc.
848 4095 875 4147 p.
890 4080 949 4131 171.
