2750 4575
619 169 660 228 40

66 357 185 422 bonum
207 375 335 419 sensum
358 351 515 416 fundunt:
540 357 592 430 ,et
614 353 790 415 sextarium
813 351 847 416 iu
868 355 1021 436 granaria
1042 354 1211 421 deterunto

65 458 205 543 Apollini
229 455 483 520 Acharuensium
498 454 634 538 parasiti
649 476 689 519 ex
705 453 831 518 delectu
846 453 1018 520 frumenti“
1044 464 1077 522 et
1099 479 1212 542 quam·

65 581 163 646 quam
183 560 251 644 ipse
273 579 371 642 supra
393 557 459 621 dixi
482 557 579 622 rerba
600 554 672 621 illa:
696 551 793 621 θύειν
814 594 857 604 -
877 553 1082 642 παρασίτους
1104 580 1143 624 ex
1158 580 1211 625 ea

65 664 138 729 dem
160 663 229 746 lege
252 662 342 746 regia
364 682 404 725 ex
424 660 535 725 eadem
559 661 665 743 potius
686 666 781 744 parte
803 659 883 743 legis
906 669 1012 725 sumta
1033 682 1117 743 esso,
1148 661 1212 727 huc

64 773 173 831 tamen
196 764 365 829 referenda
389 783 454 827 non
476 762 634 841 videntur,
658 763 822 846 quianon
845 769 894 827 est
914 764 1086 828 verisimile
1108 765 1210 831 altero

62 870 133 935 loco
156 867 345 932 vocabulum
374 861 489 944 θύειν,
523 866 626 929 altero
654 886 761 929 voces:
799 857 869 929 ἀπὸ
897 869 956 952 τῆς
984 862 1118 954 ἐκλογῆς
1145 871 1211 932 τῶν

62 973 191 1056 κριθῶν
220 991 289 1036 esse
319 969 462 1034 omissas.
508 966 689 1032 Cohaerent
718 988 793 1050 ergo
820 969 854 1033 ni
875 969 973 1033 fallor
994 970 1091 1035 verba
1113 992 1132 1034 a
1153 967 1211 1034 cdv

63 1068 93 1140 δ’
115 1067 211 1138 ἑκτέα
234 1113 271 1123 -
296 1065 508 1154 παρασίτους,
533 1076 565 1135 et
587 1062 700 1157 ἀρχεῖα
721 1071 779 1134 illa
800 1092 863 1135 non
888 1070 991 1135 solum
1013 1072 1170 1137 Acharnis
1184 1078 1211 1155 ¹)

63 1182 171 1256 erant,
202 1174 258 1240 sed
280 1173 366 1259 apud
389 1174 455 1238 alia
477 1194 603 1258 quoque
626 1173 784 1257 Apollinis
806 1173 927 1257 templa
948 1174 1080 1240 minoris
1102 1181 1210 1241 aucto-

62 1280 188 1359 ritatis,
222 1298 305 1362 quae
334 1276 377 1341 ad
398 1277 534 1340 eandem
556 1275 759 1340 sodalitatem
782 1297 907 1340 sacram
931 1277 1139 1360 pertinebant
1160 1278 1209 1343 vel

63 1403 147 1468 quae
169 1386 262 1446 extra
282 1380 365 1443 hane
387 1378 592 1444 sodalitatem
617 1378 853 1443 Acharneusem
877 1380 1045 1463 jacerent,
1082 1380 1210 1462 quibus·

63 1505 136 1548 cum
165 1482 226 1547 hae
254 1482 336 1547 sacri
366 1481 520 1545 frumenti
549 1480 700 1545 missione
730 1481 955 1546 commercium
979 1481 1141 1564 quoddam
1164 1483 1209 1546 in-

62 1586 211 1650 stitutum
234 1590 327 1650 esset.
375 1584 521 1648 Addatur
542 1583 596 1648 vix
618 1603 747 1648 necesse
770 1589 839 1662 est,
871 1583 1124 1648 Acharnensium
1155 1607 1209 1669 pa·

62 1689 179 1754 rasitos
210 1708 273 1752 non
301 1708 341 1752 ax
367 1686 427 1750 hoc
450 1685 517 1750 solo
538 1705 622 1770 pago
644 1685 701 1750 sed
723 1708 762 1750 ex
785 1686 933 1751 omnibus
955 1686 1052 1770 hujus
1074 1685 1209 1752 foederis

61 1790 153 1876 pagis
175 1810 244 1854 esse
266 1790 402 1868 electos,
425 1789 466 1852 ab
488 1788 645 1853 Acharnis
667 1810 742 1853 vero
764 1810 878 1854 nomen
902 1790 1054 1869 traxisse,
1077 1789 1133 1854 ubi
1154 1811 1210 1874 per

62 1914 182 1957 annum
207 1892 328 1957 scilicet
349 1898 633 1957 commorarentur.
678 1890 811 1956 Praeter
832 1892 992 1975 parasitos
1013 1893 1112 1957 ceteri
1134 1914 1210 1976 quo·

62 2017 124 2080 que
145 1997 355 2078 magistratus
377 1994 460 2060 sacri
483 1993 642 2057 Acbarnis
671 1992 879 2072 habitabant,
909 1995 994 2058 inter
1015 2016 1095 2078 quos
1117 2002 1210 2061 erant

62 2091 220 2183 ὅρχοντες,
244 2098 284 2162 de
306 2096 422 2181 quibus
445 2097 512 2160 dixi
532 2100 566 2160 et
579 2090 697 2177 ταμίαι
709 2098 744 2176 ²),
768 2096 823 2179 qui
841 2096 997 2180 jubentur
1012 2103 1126 2162 nostra
1140 2098 1209 2181 lege

62 2201 104 2266 ad
132 2200 286 2284 templum
317 2204 487 2281 ceteraque
518 2196 665 2263 aedificia
700 2218 793 2263 sacra
822 2199 1011 2263 exornanda
1038 2203 1209 2283 pensitare,

62 2304 177 2388 quanti
200 2309 256 2388 qui
277 2301 473 2368 exornandis
494 2302 545 2367 his
567 2302 663 2367 rebus
685 2308 780 2366 eraut
809 2302 980 2385 praefecti,
1011 2301 1210 2369 locavissent.

62 2406 212 2470 Fortasse
234 2405 269 2470 hi
291 2406 500 2488 magistratus
524 2424 634 2468 omnes
660 2426 727 2469 una
757 2405 855 2469 etiam
884 2405 1118 2489 epulabantur,
1157 2406 1212 2472 sed

62 2507 255 2574 differebant
277 2507 339 2573 hae
361 2508 475 2592 epulae
503 2507 544 2572 ab
566 2506 670 2591 epulis
692 2507 726 2571 in
747 2507 896 2572 Herculis
918 2508 1071 2573 honorem
1093 2509 1212 2574 instru-

62 2612 131 2676 ctis.
176 2610 326 2675 Herculis
348 2612 433 2675 enim
454 2610 591 2695 parasiti
613 2610 715 2692 ipsius
736 2610 787 2674 dei
810 2615 904 2674 erant
925 2613 1078 2675 convivae
1094 2614 1134 2694 ³),
1156 2632 1211 2697 pa-

61 2713 154 2777 rasiti
176 2718 285 2777 autem
308 2712 532 2778 Acharnenses
549 2711 707 2795 Apollinis
728 2733 792 2776 non
814 2714 1033 2779 nominantur.
1079 2714 1113 2780 si
1136 2736 1210 2780 vero

61 2816 133 2899 quis
155 2821 319 2900 comparet
342 2815 482 2880 Critonis
505 2815 617 2880 comici
639 2814 746 2879 locum
762 2817 808 2900 4),
836 2837 899 2899 quo
923 2816 994 2884 lleli
1019 2817 1143 2883 insulae
1165 2819 1211 2882 in-

61 2918 150 2983 colae
172 2918 307 3002 parasiti
325 2917 482 3003 Apollinis
503 2917 721 2997 nominantur,
746 2918 942 2983 menendum
963 2925 1021 3000 est,
1046 2919 1211 2985 Critonem

61 3020 251 3087 vocabulum
273 3016 459 3106 παράσιτος
480 3040 517 3086 eo
540 3041 635 3085 sensu
656 3021 870 3104 usurpavisse,
894 3042 957 3104 quo
972 3023 1059 3107 apud
1074 3023 1212 3088 comicos

62 3123 214 3188 dicuntur
239 3125 395 3207 parasiti,
433 3124 473 3190 de
504 3144 595 3192 sacro
625 3124 804 3189 ministerio
834 3125 1052 3209 parasitorum
1079 3126 1211 3191 omnino

134 3353 155 3421 ¹)
190 3349 305 3423 ἀρχεῖον
324 3354 425 3419 autem,
442 3351 580 3406 Acharnis
597 3350 665 3419 ipsis
683 3350 776 3419 situm,
798 3351 887 3405 solum
905 3354 1086 3421 παρασίτειον
1102 3368 1211 3421 quoque

62 3441 266 3495 nominabatur.

134 3530 156 3593 ²)
194 3527 230 3583 cf.
247 3526 366 3594 Allgcm.
384 3525 440 3579 Lit.
458 3526 521 3596 Ztg.
541 3527 618 3580 1838.
638 3524 708 3580 Nov.
726 3543 754 3596 p.
772 3526 832 3580 354.
849 3542 875 3580 v.
895 3527 937 3579 10.
976 3525 1082 3593 Injuria
1098 3524 1211 3580 Wachs·

64 3617 186 3671 muthius
210 3614 348 3684 parasitos
373 3613 493 3681 antiquis
517 3614 691 3683 temporibus
714 3615 871 3683 praefectos
893 3612 979 3666 fuisse
1003 3613 1109 3667 serario
1131 3619 1213 3683 putat

63 3708 92 3760 et
109 3722 172 3759 cum
190 3701 342 3772 Golagretis
359 3701 497 3771 parasitos
516 3701 624 3755 confert
643 3702 688 3770 (cf.
708 3702 780 3757 Hell.
799 3701 981 3756 Alterthskde
1002 3701 1044 3754 ed.
1062 3701 1085 3754 l.
1103 3706 1169 3755 tom.
1189 3701 1209 3755 I.

64 3810 91 3862 p.
105 3795 167 3848 435.
186 3791 213 3844 Il
232 3807 260 3859 p.
275 3793 317 3844 73.
332 3791 391 3843 107.
407 3818 436 3827 -
457 3789 492 3843 do
509 3788 661 3859 Colagretis
679 3790 715 3843 ef.
728 3790 865 3844 Ruhnken
882 3791 918 3844 ad
933 3790 1004 3844 Tim.
1019 3792 1067 3843 171
1088 3793 1117 3843 et
1134 3805 1210 3857 prae·

64 3879 145 3947 cipue
163 3876 259 3930 Bockh
278 3875 501 3929 Staatshanshalt
517 3877 532 3931 1
549 3896 576 3947 p.
596 3881 647 3933 237
665 3879 748 3948 (186).

134 3965 157 4028 ³)
192 3962 228 4016 ef.
246 3962 327 4016 Diod.
346 3962 439 4030 Sinop.
457 3963 476 4016 1.
494 3963 513 4016 1.

134 4051 157 4118 ⁴)
193 4049 391 4119 AthenIVp.
411 4052 461 4103 173
480 4050 507 4104 C.
