2750 4575
701 154 739 215 16

146 365 247 432 pensa
268 344 361 410 statis
382 342 578 428 temporibus
599 362 667 406 rem
689 362 815 407 sacram
838 341 970 408 Herculi
989 344 1022 409 in
1039 344 1226 428 Cynosarge
1248 350 1318 411 fa·

147 447 292 514 ciendam
314 451 465 511 curarent
484 450 509 526 ¹)
536 444 625 509 verbi
651 443 815 509 συντελεῖν
834 445 918 510 ratio
940 445 1124 530 planissimo
1145 456 1317 533 apparet.

148 551 284 629 Quinam
306 570 380 614 vero
404 543 504 613 νόθοι
525 546 798 612 nominabantur?
840 547 957 612 Utrum
986 550 1015 614 ei
1044 550 1099 633 qui
1125 551 1167 616 ab
1189 551 1315 617 altero

147 658 282 738 parente
303 651 370 717 cive
394 649 597 727 Atheniensi,
631 670 673 713 an
704 650 760 733 qui
787 672 851 715 non
877 650 966 733 justo
994 653 1197 718 matrimonio
1222 654 1246 720 i.
1272 675 1313 720 e.

147 754 364 827 concubinatu
393 753 508 818 civium
538 750 782 817 Atheniensium
812 753 882 817 nati
910 755 1024 818 eraut?
1067 753 1219 820 Dubitari
1242 778 1314 822 ne·
1354 735 1358 855 i

147 859 233 943 quit,
265 858 343 941 quin
365 856 493 939 utrique
515 853 575 919 hoc
597 854 724 918 nomine
746 854 919 937 significari
940 856 1026 922 soliti
1046 856 1119 922 sint
1176 860 1312 923 Postea

145 959 208 1046 ipsi
228 958 369 1024 libertini
389 957 552 1025 interdum
574 956 634 1021 hoc
655 956 784 1021 nomine
804 956 1052 1042 appellabantur
1060 961 1099 1040 2),
1142 960 1313 1027 Persaru-

147 1068 254 1128 ternur
274 1061 374 1145 igitur
394 1079 521 1125 necesse
544 1063 604 1137 est,
625 1058 784 1142 quomodo
806 1059 845 1124 de
864 1060 910 1125 eis
925 1081 976 1126 res
990 1061 1117 1140 habeat,
1139 1064 1196 1147 qui
1211 1064 1311 1129 Her·
1356 1134 1357 1169 ρ

147 1163 250 1239 colem
273 1160 307 1229 ἐν
328 1158 531 1249 Κυνοσάργει
553 1160 711 1227 colebant.
766 1160 800 1226 Si
821 1161 863 1226 ad
887 1160 1011 1229 Solonis
1032 1170 1172 1230 aetatem
1193 1167 1310 1251 respi-

74 1300 76 1303 ·
147 1267 258 1350 einins,
280 1265 384 1349 legem
404 1263 583 1330 invenimus
598 1262 639 1328 ab
655 1263 868 1348 Aristophane
877 1267 906 1345 ³)
928 1267 1021 1332 nobis
1035 1273 1205 1348 servatam,
1229 1290 1306 1353 qua

145 1364 245 1434 νόθοι
266 1368 395 1433 civitate
418 1367 525 1431 Attica
546 1386 610 1430 non
631 1366 750 1450 privati
770 1358 958 1451 ἀγχιστείαν
979 1368 1011 1434 h.
1028 1390 1055 1434 e.
1075 1369 1301 1453 legitimorum

146 1468 286 1536 filiorum
304 1471 358 1553 jus
380 1468 609 1534 hereditarium
631 1468 818 1533 amiserunt.
866 1469 910 1536 Hi
937 1466 1037 1537 νόθοι
1065 1494 1129 1537 σου
1158 1479 1304 1557 possunt

97 1618 100 1627 f
147 1593 216 1639 esse
238 1573 294 1637 alii
315 1593 353 1637 ac
374 1571 430 1656 qui
452 1576 544 1655 patre
566 1570 632 1635 cive
653 1577 758 1635 matre
780 1592 872 1636 serva
893 1573 1082 1654 utebantur,
1113 1576 1230 1665 quique
1254 1597 1300 1640 ex

147 1675 361 1742 concubinatu
383 1674 499 1740 civium
523 1672 767 1745 Atheniensium
788 1680 883 1739 erant
906 1676 975 1740 nati
989 1679 1028 1755 4).
1073 1678 1185 1762 Neque
1205 1679 1294 1742 enim

146 1777 217 1843 istis
238 1776 434 1861 temporibus
455 1776 696 1869 peregrinorum
726 1781 837 1842 tantus
864 1783 936 1842 erat
957 1778 1099 1844 Athenas
1121 1799 1290 1846 concursus

147 1885 185 1945 ut
206 1884 294 1945 certa
314 1879 367 1944 lex
389 1878 429 1944 de
457 1880 502 1943 eis
531 1878 654 1957 liberis,
683 1878 740 1961 qui
760 1899 800 1943 ex
821 1880 980 1965 peregrini
1001 1902 1073 1946 cum
1095 1882 1162 1947 cive
1184 1882 1295 1947 Attica

148 1983 198 2048 rel
219 1983 296 2048 civis
318 2002 391 2048 cum
412 1982 583 2066 peregrina
602 1980 808 2046 matrimonio
829 1982 892 2047 orti
916 1989 1024 2048 essent
1045 1984 1297 2050 desideraretur.

148 2084 182 2152 Si
202 2106 277 2150 nero
302 2084 432 2173 omuino
453 2083 675 2167 hujuscemodi
695 2083 876 2150 existebant
890 2086 992 2169 spurii
1005 2092 1114 2152 tamen
1128 2086 1298 2172 proprium

146 2182 346 2272 gymnasium
374 2187 436 2267 eis,
470 2186 526 2270 qui
553 2191 628 2251 ortu
655 2184 824 2251 inferiores
853 2209 918 2253 una
945 2174 1018 2253 cum
1039 2189 1172 2273 reliquis
1193 2189 1298 2255 Athe·

147 2291 310 2358 niensibus
330 2311 395 2356 non
418 2294 550 2375 possent
570 2290 728 2368 exerceri,
751 2296 881 2375 propter
902 2292 1100 2376 paucitatem
1121 2315 1186 2358 non
1209 2299 1299 2358 esset

146 2394 341 2460 institutum.
385 2392 485 2457 Porro
514 2391 601 2475 quod
630 2392 681 2456 his
707 2388 823 2471 νόθοις
849 2400 1056 2478 opponuntur
1081 2394 1139 2460 filii
1165 2391 1300 2482 γνησίου

147 2496 187 2562 de
210 2497 256 2561 eis
276 2517 341 2561 non
362 2499 468 2580 potest
489 2495 633 2578 cogitari,
656 2497 713 2578 qui
734 2496 924 2561 econnubio
944 2499 1114 2581 peregrino
1137 2500 1299 2582 originem

146 2597 329 2665 trahebant.
371 2595 545 2662 Paullatim
566 2617 641 2662 vero
663 2599 792 2681 saepius
812 2599 954 2664 advenae
969 2600 1113 2668 Athenas
1133 2600 1299 2685 confluxef

149 2775 354 2788 ——*

218 2895 240 2965 ¹)
276 2892 313 2950 cf.
330 2894 473 2949 Demosth.
491 2890 562 2947 κατὰ
574 2890 803 2968 Ἀριστοκράτους.
838 2915 865 2968 p.
885 2901 945 2970 214,
964 2900 996 2954 B.

218 2983 241 3052 λ)
277 2982 313 3036 cf.
333 2981 419 3038 sad..
431 3001 458 3038 v.
476 2982 503 3042 ἐς
520 2979 704 3056 Κυνόσαργες·
723 2982 841 3039 ἐκάλουν
858 2985 890 3040 dt
903 2984 1044 3054 Ἀθηναῖοι
1061 2990 1109 3042 καί
1125 2985 1190 3048 τοὺς
1206 2981 1299 3047 άπεὶέ

147 3072 277 3143 ευθίρους
294 3066 403 3129 νόθους.
428 3103 454 3112 -
491 3072 601 3126 cosmae
619 3074 655 3127 ad
672 3090 757 3129 carm.
775 3074 856 3145 (ἔτερ.
875 3075 943 3129 Νετ.
962 3077 992 3129 in
1010 3077 1098 3146 spicil.
1116 3078 1232 3134 Roman.
1252 3073 1300 3150 eds

146 3160 246 3228 Angel.
264 3159 321 3213 Mai
338 3163 405 3214 tom.
423 3159 450 3214 II
467 3177 495 3230 p.
511 3163 561 3215 147
564 3201 570 3214 .
588 3159 736 3213 ἐκαλοῦντο
754 3160 787 3216 δὲ
806 3158 884 3233 παρὰ
896 3159 1051 3228 Ἀθήναίοις
1068 3166 1115 3216 καὶ
1134 3168 1162 3218 εί
1179 3157 1299 3244 einsied-

148 3251 229 3318 θερσι
246 3243 337 3300 νόθοι
362 3243 445 3300 νόθοι
463 3245 496 3300 δὲ
513 3249 561 3299 καὶ
579 3236 655 3300 οὗτοι
673 3246 708 3307 ὡς
725 3246 796 3320 πρὸς
812 3246 876 3308 τοὺς
893 3250 1069 3323 ίκλευθέρους
1085 3255 1225 3321 γεννητοῖς.
1248 3249 1298 3310 τεῶ

148 3322 225 3388 οὗτοι
243 3332 276 3388 δὲ
293 3334 434 3404 ἐκρίνοντο
452 3337 501 3386 καί
517 3331 713 3406 ίόοκιμάζοντο
732 3340 757 3389 εί
773 3332 842 3397 ὅλως
859 3335 1093 3411 ἐλευθερώθησαν.

217 3422 241 3491 3)
275 3421 418 3490 Aristoph.
437 3439 509 3476 aves.
529 3424 595 3476 1661
615 3440 656 3491 sq.

356 3503 444 3575 Νόθῳ
461 3508 493 3562 δὲ
510 3504 550 3579 μὴ
568 3506 639 3561 εἶναι
656 3506 820 3580 ἀγχιστείαν
837 3512 948 3566 παίδοιν
966 3508 1054 3566 όντων

353 3592 550 3666 proclametis
568 3595 599 3650 dt
617 3597 718 3658 παῖόες
733 3595 772 3670 μὴ
791 3594 843 3653 ὦσι
859 3597 977 3671 γνήσιοι,
996 3606 1055 3662 τοῖς

356 3679 496 3753 ἐγγυτάτω
512 3686 610 3753 γένους
625 3691 749 3756 μετεῖναι
766 3691 822 3741 τῶν
835 3686 993 3760 χρημάτων.
1089 3723 1092 3728 ,

148 3768 223 3837 Quae
240 3770 286 3824 lex
304 3771 379 3839 apud
396 3772 539 3826 Demosth.
557 3773 674 3830 Macart.
694 3778 727 3829 51
749 3776 890 3831 invenitur
912 3778 1069 3833 adulterina
1086 3776 1130 3831 his
1147 3776 1215 3847 ipsis
1234 3777 1298 3832 Ari·

149 3858 293 3927 stephanis
310 3858 402 3915 verbis
421 3861 474 3913 uiti
490 3861 608 3915 ridetur.

219 3945 241 4015 4)
276 3945 339 4000 Nou
357 3951 400 4001 est
416 3948 578 4018 verisimile,
604 3950 707 4004 liberos
726 3967 868 4007 servorum
885 3968 920 4005 ex
937 3951 997 4007 cire
1014 3951 1111 4007 Attica
1128 3951 1239 4021 genitos
1257 3953 1296 4005 ci·

148 4031 236 4086 vitate
254 4051 375 4103 unquam
395 4035 501 4091 fructos
519 4052 587 4092 esse.
