2750 4575
641 171 661 232 9

80 363 243 437 servatus,
279 356 331 421 vel
359 355 467 440 potius
495 352 581 438 quod
609 359 659 419 est
684 352 889 419 verisimilius
919 354 1051 421 anullo
1075 360 1218 421 veterum

80 461 270 545 scriptorum
292 478 435 541 unquam
458 456 596 540 scriptus
615 460 641 538 ¹)
664 498 703 507 -
725 477 801 521 nam
823 457 956 523 Luciani
978 457 1139 541 dialogus,
1167 456 1220 523 uri

80 583 195 628 nomeu
215 557 324 645 Σίμων
344 552 366 647 ἢ
386 555 465 643 περὶ
485 552 675 644 παρασίτου,
687 562 715 640 ²)
738 559 865 638 indidit,
887 582 960 625 cum
975 560 1078 626 facete
1094 561 1132 624 de
1148 565 1220 625 arte

80 665 253 752 parasitica
278 665 298 728 i.
322 684 349 729 θ.
382 661 422 726 de
444 668 513 726 arte
544 661 646 745 gratis
673 661 826 746 largeque
847 663 999 747 epulandi
1020 663 1220 747 conscriptus

81 768 132 848 sit,
153 767 320 851 parasitos,
342 785 505 830 sacrorum
528 764 701 843 ministros,
722 765 851 829 omnino
873 764 1007 849 negligit
1031 801 1069 812 -
1093 784 1220 830 necesse

82 874 148 949 est,
183 868 290 934 fontes
309 868 372 932 huc
393 866 471 931 illuc
492 868 606 949 exigue
628 871 787 931 scatentes
808 867 841 930 in
863 887 963 930 unum
985 867 1157 945 ducamuS,
1193 867 1220 932 si

81 972 160 1037 forte
181 970 302 1036 rivolus
322 970 398 1035 inde
421 969 605 1053 proveniat,
635 970 689 1051 qui
712 989 815 1053 aquae
836 969 945 1053 inopia
965 969 1055 1034 brevi
1077 975 1221 1054 tempore

80 1095 143 1138 non
164 1079 340 1139 exarescat.
385 1072 527 1151 Quorum
549 1069 686 1135 fontium
710 1076 839 1136 exstant
854 1071 917 1136 duo
933 1093 1060 1156 genera,
1083 1071 1221 1137 alterum

80 1175 185 1258 legum
207 1180 240 1239 et
261 1174 523 1258 inscriptionum,
560 1172 698 1237 alterum
726 1175 916 1257 scriptorum
945 1174 1146 1257 quorundam
1170 1194 1221 1238 co-

81 1277 296 1360 micorumque
318 1279 487 1360 poetarum
509 1276 696 1340 recentioris
719 1274 900 1340 comoediae
925 1276 1066 1356 Atticae,
1094 1277 1149 1360 qui
1172 1277 1221 1340 in·

80 1367 208 1444 terdum
230 1380 394 1443 occasione
417 1378 514 1458 data,
554 1397 749 1461 quamquam
778 1378 962 1463 saepissime
989 1378 1029 1443 de
1053 1379 1219 1459 ,comicis“

81 1481 146 1546 illis
168 1481 381 1564 parasitis-
404 1502 458 1545 eos
488 1500 614 1564 quoque
644 1479 788 1564 intelligo
818 1481 999 1546 cotidianae
1021 1481 1107 1546 vitae
1127 1496 1221 1565 paru·

82 1583 168 1661 sitos,
191 1583 247 1667 qui
268 1584 460 1648 comicorum
476 1589 552 1648 sunt
566 1584 658 1666 quasi
674 1581 822 1666 exempla
843 1621 884 1631 —
906 1583 1088 1667 loquuntur,
1111 1604 1222 1649 eorum

80 1705 206 1770 quoque
228 1687 421 1751 mentionem
443 1685 565 1750 faciant
587 1686 814 1765 vetustiorum,
837 1707 857 1750 a
879 1685 994 1769 quibus
1016 1687 1073 1750 alii
1094 1693 1223 1770 praeter

78 1807 194 1852 nomen
216 1785 283 1853 fere
304 1787 387 1852 nihil
408 1787 578 1854 duxerunt.
623 1787 755 1852 Accedit
776 1809 851 1852 vero
874 1789 915 1853 ad
931 1788 1072 1854 locorum
1087 1789 1221 1854 istorum

78 1891 290 1975 paucitatem,
317 1890 402 1973 quod
423 1890 647 1974 inscriptiones
667 1889 744 1954 illae
766 1897 863 1974 atque
885 1891 971 1974 leges
992 1911 1057 1955 non
1077 1891 1222 1975 integrae

79 1991 199 2057 tabulis
221 1993 328 2057 siineis
350 1992 399 2057 vel
422 1991 578 2057 columnis
608 1992 745 2076 lapideis
773 1993 947 2077 inscriptae
970 1993 1012 2058 ad
1034 2015 1092 2058 nos
1112 2014 1222 2077 perve-

79 2095 196 2172 nerint,
220 2094 276 2160 sed
298 2093 549 2178 ascriptoribus
571 2093 663 2159 nobis
685 2094 826 2159 traditae
848 2096 923 2175 sint,
947 2095 1011 2179 qui,
1034 2117 1106 2159 cum
1128 2116 1223 2180 para-

78 2197 429 2263 sitorumcomicorum
451 2202 601 2262 naturam
623 2217 757 2262 narrare
779 2197 893 2278 velint,
916 2205 1043 2263 nostros
1065 2199 1224 2282 parasitos

77 2300 140 2365 uisi
162 2300 397 2384 praetereundo
420 2321 483 2365 non
505 2305 652 2383 tangunt.
697 2300 821 2365 Scimus
843 2308 1032 2386 praeterea,
1065 2301 1225 2385 quantula

77 2404 120 2469 sit
141 2422 295 2488 persaepe
318 2401 616 2487 lexicographorum
638 2404 829 2482 auctoritas,
863 2404 1067 2487 cognovimus
1088 2403 1223 2470 scholia

77 2509 201 2570 starum
221 2504 389 2582 incuriam,
411 2505 460 2568 ita
482 2509 520 2569 ut
541 2504 719 2590 perfectum
740 2506 836 2591 plane
858 2511 955 2590 atque
978 2505 1162 2571 absolutum
1184 2506 1224 2572 de

76 2606 139 2673 hac
159 2628 195 2672 re
214 2606 372 2691 judicium
394 2627 452 2672 nos
474 2627 542 2671 esse
563 2606 746 2691 prolaturos
761 2608 890 2672 omnino
905 2630 971 2673 nou
985 2630 1158 2694 speremus.
1181 2646 1225 2659 —

162 2710 289 2774 Primus
311 2709 453 2773 omnium
474 2707 562 2773 locus
585 2709 716 2792 quidam
740 2711 905 2776 Plutarchi
920 2714 952 2795 3)
974 2709 1065 2776 nobis
1087 2718 1136 2776 θεῖ
1157 2717 1224 2777 tra-

77 2812 214 2876 ctandus
234 2811 373 2875 maxime
396 2811 524 2897 dubius,
548 2811 603 2893 qui
626 2812 652 2875 si
674 2811 716 2877 ad
739 2811 887 2878 Solonem
911 2815 1016 2898 ipsum
1037 2813 1224 2879 referendus

77 2920 127 2979 est
140 2913 390 2977 vetustissimum
406 2917 511 2977 exstat
526 2902 742 2996 parasitdrum
758 2916 987 2981 testimonium.
1028 2913 1137 2981 Verba
1149 2921 1225 2982 sunt

76 3015 172 3081 haec:
209 3010 296 3080 ἴδιοι
318 3014 354 3080 δὲ
375 3018 435 3079 τοῦ
456 3009 606 3093 Σόλωνος
626 3011 683 3079 καὶ
705 3012 844 3103 adsurgi
865 3023 923 3105 τῆς
945 3015 979 3083 ἐν
1001 3014 1148 3105 δημοσίῳ
1170 3039 1224 3085 σι-

74 3114 210 3206 τήσεως,
235 3112 317 3202 ὅπερ
340 3109 440 3194 αὐτὸς
461 3120 709 3202 παρασιτεῖν
729 3114 873 3205 κέκληκε.
896 3116 954 3184 τὸν
974 3116 1034 3205 γὰρ
1050 3113 1149 3186 αὐτὸν
1164 3115 1224 3187 oc’a

76 3218 116 3309 ἐᾷ
139 3221 312 3285 σιτεῖσθαι
333 3215 511 3296 πολλάκις·
541 3215 597 3284 ἐὰν
619 3218 655 3285 δὲ
677 3209 704 3305 ᾦ
725 3216 856 3309 καθήκῃ
877 3216 922 3308 μὴ
943 3217 1102 3308 βούληται
1122 3218 1224 3289 κολά-

76 3321 139 3403 ζει,
164 3318 203 3387 τὸ
225 3318 285 3403 μὲν
303 3315 482 3409 ἡγούμενος
503 3317 708 3407 πλεονεξίαν,
732 3318 770 3387 τὸ
795 3322 831 3388 δὲ
852 3317 1043 3411 ὑπεροψίαν
1063 3328 1130 3389 τῶν
1150 3348 1223 3392 κοι-

75 3427 149 3489 νῶν.
195 3424 229 3489 si
251 3444 323 3488 cum
345 3421 396 3488 his
418 3424 522 3489 verbis
544 3444 768 3509 comparamus
789 3425 888 3491 Moer.
912 3449 943 3512 p.
967 3431 1045 3492 322:
1076 3422 1223 3514 παρασί-

149 3632 170 3700 l)
206 3629 278 3690 Nam
295 3628 456 3682 Athenaeus
473 3628 511 3683 VI
529 3646 557 3697 p.
576 3630 628 3683 234
645 3627 685 3683 D:
716 3632 852 3701 Πολέμων
869 3632 939 3714 γοῦν
956 3626 1067 3701 γράψας
1083 3630 1148 3701 περὶ
1167 3646 1223 3682 πα-

74 3721 198 3793 ρασίτων
221 3717 308 3788 φησὶν
323 3710 413 3783 {otrus
433 3732 490 3769 non
512 3715 679 3786 singularem
704 3717 786 3787 hujus
808 3718 951 3787 scriptoris
975 3720 1040 3788 περὶ
1062 3719 1224 3788 παρασίτων

71 3809 180 3864 librum
197 3804 338 3859 exstitisse
355 3802 436 3871 dicit,
462 3804 536 3871 quod
554 3803 597 3857 his
614 3804 722 3859 uerbis:
756 3804 786 3857 tv
803 3808 842 3873 τῷ
859 3806 923 3876 περὶ
941 3807 1102 3875 παρασίτων
1118 3804 1223 3875 signifi·

71 3897 176 4057 west).
205 3979 242 4036 of.
258 3975 389 4047 Hirschig
407 3976 545 4031 dissertat.
563 3977 655 4048 inaug.
673 3978 802 4033 Leidens.
822 3979 900 4032 1844.

143 4076 170 4143 3)
205 4067 296 4124 Solon.
315 4080 376 4133 cap.
394 4067 437 4119 24.
