2750 4575
709 134 751 193 48

157 344 264 388 rorum
288 322 463 407 templum,
501 322 557 405 qui
575 313 714 396 ’Ἄνακες
743 320 830 404 apud
854 321 1064 386 Athenienses
1090 323 1314 388 nominaban-

157 432 211 491 tur
229 431 254 504 1)
277 432 310 490 et
332 424 447 508 quibus
470 424 538 488 dies
559 423 633 488 festi
647 446 714 487 una
729 445 801 487 cum
816 423 901 487 ludis
916 423 1166 489 celebrabantur
1188 428 1231 504 2).
1268 426 1313 490 De

157 529 221 593 situ
243 528 340 610 hujus
361 527 474 610 templi
494 528 562 609 ipse
585 527 786 590 Petersenius
808 547 916 590 verum
940 527 1021 590 vidit
1036 529 1082 606 3),
1106 531 1164 611 qui
1190 529 1233 593 de
1259 528 1313 593 ho·

156 651 229 695 rum
251 631 468 713 parasitorum
490 628 671 693 conditione
695 629 824 692 omnino
846 651 910 693 non
933 636 1019 694 recte
1038 630 1216 713 judicavit,
1241 653 1313 695 cum

157 753 198 797 ex
220 733 384 796 vicinitate
406 730 554 814 prytanei
576 731 749 802 concludat
770 733 929 814 parasitos
952 731 1154 815 publicarum
1181 735 1217 797 in
1241 755 1315 818 pry-

157 841 253 900 taneo
276 834 445 918 epularum
467 831 564 895 fuisse
581 834 744 897 ministros
760 834 918 917 simulque
934 835 1083 899 convivas
1098 838 1139 920 4).
1191 836 1313 914 Quam·

157 959 254 1022 quam
276 938 393 1000 iterum
414 934 595 1029 iterumque
612 936 786 1000 Petersenii
809 938 974 1019 opiniones
989 937 1094 1019 rejeci,
1118 945 1236 1002 tamen
1255 937 1313 1002 hoc

157 1040 227 1105 loco
256 1037 413 1103 nonnulla
443 1036 547 1100 denuo
577 1043 714 1102 tractem
746 1059 873 1102 necesse
902 1045 958 1103 est.
1014 1040 1064 1103 Ex
1094 1040 1313 1123 inscriptione

157 1143 243 1208 enim
266 1139 458 1216 Pallenensi,
481 1139 536 1202 ubi
559 1139 731 1204 archontes
753 1161 820 1204 una
842 1163 912 1204 curn
928 1142 1078 1223 parasitis
1094 1144 1313 1206 nominantur

157 1242 336 1320 concludit,
367 1242 536 1306 archontes
557 1230 626 1307 esse
648 1263 761 1306 novem
784 1245 868 1307 viros
889 1245 978 1324 illos,
1007 1245 1063 1327 qui
1084 1246 1131 1308 rei
1154 1245 1311 1328 publicae

159 1344 401 1410 Atheniensium
422 1352 621 1428 praeessent3
646 1345 816 1427 adjunctos
839 1346 884 1409 eis
906 1367 974 1410 esse
997 1346 1173 1430 parasitoS,
1198 1354 1239 1410 ut
1262 1367 1311 1409 sa·

158 1449 221 1513 cris
242 1448 341 1513 totius
363 1448 408 1511 rei
430 1446 576 1530 publicae
599 1446 875 1529 (Staatsreligion)
899 1470 1029 1531 operam
1051 1449 1176 1513 darent.
1229 1448 1310 1512 Cum

157 1570 232 1615 vero
261 1549 356 1613 lectio
385 1544 554 1635 Παλληνίς
582 1549 657 1613 hnic
687 1550 829 1633 opinioni
853 1553 980 1615 omnino
1003 1573 1067 1616 non
1096 1554 1308 1637 respondeat,

157 1672 215 1737 pro
245 1647 279 1716 ἐν
307 1647 493 1737 Παλληνίδι
520 1652 648 1734 scripsit
677 1649 711 1716 ἐν
739 1649 930 1738 Παλλαδίῳ.
981 1655 1080 1719 Porro
1111 1657 1308 1739 parasitium

155 1762 289 1840 propter
310 1755 500 1819 vocabulum
514 1746 697 1842 Ἀθήνῃσιν
718 1756 752 1818 in
774 1757 846 1839 ipsa
867 1758 944 1820 urbe
967 1758 1063 1821 situm
1086 1758 1185 1824 luisse
1211 1766 1247 1824 et
1270 1778 1307 1821 ne

230 1995 250 2062 ¹)
285 1992 340 2046 Cic.
359 1991 393 2044 de
410 1994 467 2043 nat.
486 1990 560 2043 deor.
578 1990 627 2057 111,
647 1992 689 2053 21,
709 1992 752 2043 53.
784 1986 951 2059 Διόσκουροι
974 1992 1058 2044 etiam
1085 1995 1160 2062 apud
1185 1984 1307 2048 Graecos

156 2081 252 2135 multis
277 2079 367 2133 modis
390 2078 580 2132 nominantur:
610 2078 693 2146 primi
715 2082 783 2144 tres,
820 2079 867 2145 qui
883 2081 1069 2134 nominantur
1090 2083 1199 2136 Anaoes
1227 2083 1306 2148 (sict)

156 2168 274 2223 Athenis
299 2184 333 2220 ex
356 2183 422 2235 rege
443 2165 512 2219 Jove
539 2164 731 2232 antiquissimo
757 2160 785 2217 et
809 2165 974 2234 Proserpina
999 2170 1072 2237 nati,
1102 2169 1305 2237 Tritopatreus,

157 2256 316 2323 Eubuleus,
338 2254 489 2323 Dionysus3
520 2252 634 2307 secundi
651 2251 720 2307 Jove
738 2252 821 2306 tertio
839 2254 899 2305 nati
918 2258 946 2307 et
964 2254 1053 2309 Leda:
1078 2255 1175 2310 Castor
1195 2263 1225 2311 et
1244 2257 1304 2312 Pol·

155 2346 216 2414 lux3
246 2342 323 2396 tertii
348 2342 479 2396 dicuntur
503 2359 519 2393 a
541 2341 680 2394 nonnullis
706 2342 774 2395 Alco
797 2346 825 2393 et
847 2341 1002 2411 Melampus
1022 2349 1049 2397 et
1066 2344 1193 2414 TmoluS,
1224 2343 1303 2400 Atrei

157 2431 219 2500 filii,
238 2430 286 2498 qui
306 2431 407 2498 Pelope
425 2433 506 2481 natus
524 2426 585 2480 fuit.

228 2519 250 2585 λ)
287 2516 322 2571 cf.
340 2517 446 2569 Preller
463 2516 566 2584 griech.
584 2516 701 2583 Mythol.
721 2516 763 2568 ed.
781 2516 815 2568 II.
835 2520 855 2568 t.
874 2517 909 2569 Π.
926 2535 953 2585 p.
974 2521 1032 2572 104.

226 2607 250 2674 3)
287 2605 431 2658 Archaeol.
450 2605 511 2672 Ztg.
531 2604 550 2657 l.
568 2605 587 2656 1.
625 2602 661 2655 cf.
684 2603 811 2670 l'olyaen.
831 2609 945 2673 strateg.
964 2606 984 2673 l,
1004 2610 1046 2675 21,
1066 2611 1090 2660 1.

227 2693 250 2761 A)
286 2692 409 2746 Omnino
428 2692 523 2745 omisit
545 2691 719 2744 Petersenius
746 2708 853 2743 sacrum
871 2690 956 2746 fuisse
974 2695 1160 2761 parasitorum
1177 2697 1301 2748 ministe-

155 2783 240 2851 rium,
259 2797 347 2849 neque
365 2781 481 2833 Athenis
500 2796 621 2847 unquam
639 2779 709 2831 tales
728 2779 884 2832 existebant
901 2780 1028 2850 parasiti,
1054 2783 1148 2850 quales
1167 2784 1302 2850 Aristote-

156 2871 196 2922 les
214 2870 244 2921 in
262 2868 334 2921 libro
353 2868 388 2936 de
406 2856 626 2921 Metllonensium
644 2883 673 2918 re
692 2867 805 2934 publica
822 2867 932 2934 (Athen.
951 2869 989 2921 VI
1006 2887 1033 2937 p.
1053 2872 1104 2924 235
1123 2871 1166 2938 E.)
1185 2888 1302 2924 comme·

156 2961 248 3011 morat
271 2956 313 3009 his
339 2956 444 3008 verbis:
471 2951 621 3023 παράσιτοι
642 2958 700 3011 τοῖς
722 2949 839 3023 ἄρχουσι
860 2950 912 3006 ιλάο
937 2954 1002 3007 καθ’
1021 2955 1136 3008 ἕκαστον
1160 2952 1232 3024 ἦσαν
1254 2966 1301 3021 (sc.

156 3044 323 3112 Methonae),
341 3049 399 3101 τοῖς
417 3041 448 3095 dl
469 3039 656 3113 πολεμάρχοις
672 3037 718 3099 εἷς.
737 3046 890 3111 τεταγμένα
908 3041 935 3093 ‹l'
954 3039 1110 3113 ἐλάμβανον
1128 3045 1195 3116 παρ’
1215 3042 1301 3098 ἄλλων

156 3136 188 3185 τέ
203 3150 285 3184 τινων
304 3135 350 3184 καὶ
368 3134 423 3183 τῶν
441 3126 526 3182 άλέων
545 3127 627 3198 ὄψον.
669 3130 788 3183 Conatus
811 3131 922 3198 quidem
946 3136 989 3184 est
1013 3132 1171 3185 Grashofius
1186 3126 1300 3202 '(Jahn’s

156 3220 252 3274 Jahrb.
271 3221 305 3288 X,
324 3224 348 3289 2,
367 3238 394 3289 p.
414 3221 474 3285 158)
498 3221 527 3271 in
551 3218 658 3286 verbis,
685 3235 755 3285 quae
779 3218 948 3271 antecedunt
972 3237 1022 3287 pro
1041 3224 1219 3273 Μεθωναίων
1238 3221 1300 3274 scri·

157 3308 224 3362 bere
243 3305 409 3372 Ἀθηναίων,
440 3306 485 3359 cui
506 3305 644 3358 Prellerus
669 3307 755 3357 miror
779 3307 853 3373 quod
876 3310 1033 3359 assentitur.
1070 3308 1124 3361 Sed
1143 3327 1207 3362 cum
1227 3290 1299 3362 credi

157 3414 212 3450 non
230 3400 337 3464 potest,
365 3412 416 3464 pro
440 3395 583 3447 notissimo
607 3393 741 3446 vocabulo
761 3390 913 3456 Ἀθηναίων
931 3394 1000 3447 falso
1018 3396 1047 3446 in
1067 3396 1147 3448 codd.
1168 3399 1299 3466 scriptum

158 3501 216 3537 esse
235 3486 424 3544 Μεθωναίων,
452 3486 511 3534 tum
529 3482 645 3533 Athenis
663 3498 719 3533 non
738 3485 818 3532 erant
836 3483 990 3549 complures
1009 3483 1188 3551 polemarchi.
1227 3486 1298 3539 Cete-

155 3589 217 3625 rum
237 3572 271 3624 de
288 3571 342 3623 hoc
359 3570 544 3638 parasitorum
562 3585 662 3638 genere
681 3570 836 3621 accuratius
854 3570 895 3621 nil
914 3570 1025 3638 scimus,
1048 3587 1137 3638 neque
1155 3572 1299 3625 Clearchus

157 3659 278 3714 Solensis
297 3658 428 3711 certiores
446 3675 495 3711 nos
514 3657 598 3726 facit,
630 3659 677 3725 qui
695 3657 764 3710 dicit
782 3656 812 3708 ἐν
830 3660 868 3723 τῷ
887 3653 985 3724 πρώτῳ
1003 3661 1057 3709 τῶν
1074 3662 1157 3724 βίωνε
1190 3662 1297 3727 (Athen.

157 3739 203 3814 VI,
222 3765 249 3816 p.
265 3749 317 3801 234
328 3745 363 3813 Ε)
383 3747 424 3797 ἔτι
443 3743 475 3799 lt
493 3741 648 3817 παράσιτον
666 3748 717 3796 νῦν
736 3745 790 3814 μὲν
807 3740 856 3795 τὸν
874 3743 998 3814 ἕτοιμον,
1016 3742 1078 3796 τότε
1098 3745 1129 3799 dt
1147 3743 1198 3797 τὸν
1216 3752 1254 3805 εἰς
1270 3743 1297 3797 τὸ

158 3837 294 3904 συμβιοῦν
312 3834 527 3901 κατειλεγμένον.
561 3833 591 3885 ἰν
613 3835 683 3901 γοῦν
705 3837 763 3890 τοῖς
785 3833 913 3888 παλαιοῖς
936 3830 1032 3902 νόμοις
1055 3833 1085 3883 αἱ
1103 3834 1232 3886 πλεῖσται
1249 3838 1298 3886 τῶν

158 3917 266 3972 πόλεων
284 3921 324 3973 ἔτι
342 3919 374 3971 <tl
392 3921 438 3970 καὶ
455 3915 574 3990 τήμερον
592 3923 652 3977 ταῖς
670 3916 859 3988 ἐντιμοτάταις
876 3915 975 3988 ἀρχαῖς
993 3922 1231 3989 συγκαταλέγουσι
1250 3940 1296 3974 τιατ

159 4011 294 4077 ρασίτους.
329 4006 369 4059 De
387 4006 430 4058 his
448 4006 535 4074 igitur
553 4006 619 4074 quid
636 4006 678 4058 rei
695 4007 732 4057 sit
749 4006 862 4059 videant
879 4006 1025 4058 doctiores.
