2750 4575
676 205 715 264 18

121 395 184 459 cris
211 415 336 479 quoque
364 394 399 458 in
427 393 609 476 Cynosarges
637 390 796 455 faciundis
823 389 926 472 legem
953 388 1045 467 tulit,
1078 388 1170 471 cujus
1191 406 1270 473 pars

121 504 192 562 erat
214 497 279 562 fere
302 497 396 561 haec:
419 497 629 581 (παρασιτεῖν
651 491 688 557 δὲ
708 489 784 569 τοὺς
807 486 1037 577 παρασίτους),
1060 486 1127 554 τὸν
1149 481 1178 553 d'
1201 481 1269 552 ari-

120 595 258 688 τὸνμὴ
281 601 477 685 παρασιτεῖν
500 598 598 677 (Plut.
621 599 806 667 σιτεῖσθαι)
836 590 1048 670 πολλάκις·
1078 588 1145 658 ἐὰν
1171 589 1213 658 dd
1240 577 1269 676 ᾧ

119 697 276 789 καθήκῃ
297 699 347 788 μὴ
370 696 566 788 βούληται
595 706 651 778 (sc.
674 701 886 783 παρασιτεῖν)
914 691 1177 774 κολάζεσθαι·
1209 694 1267 775 (cf.

119 804 291 888 psephism.
312 798 352 881 ὅς
374 796 403 868 d'
424 795 464 867 dv
485 799 529 889 μὴ
552 798 637 888 θέλῃ
659 802 872 887 παρασιτεῖν,
909 793 1067 883 εἰσαγέτω
1097 804 1152 878 (sc.
1176 790 1195 861 ὁ
1219 790 1269 861 ἱε-

119 901 205 992 ρεύς)
227 901 275 984 εἰς
296 902 334 969 τὸ
357 902 589 991 δικαστήριον).
634 904 704 969 Ηοο
726 903 792 969 fere
813 903 908 968 modo
929 903 993 967 ista
1012 901 1065 965 lex
1086 900 1270 983 conscripta

120 1028 188 1073 esse
211 1009 354 1087 videtur,
387 1009 414 1071 si
436 1028 528 1071 veras
548 1007 707 1090 quasdam
729 1008 799 1090 ejus
821 1005 974 1088 reliquias
997 1001 1189 1068 Plutarchus
1209 1023 1270 1067 no·

120 1110 169 1176 his
190 1110 337 1174 servavit.
383 1108 430 1173 De
452 1108 561 1173 nothis
582 1110 703 1174 mentio
724 1109 887 1173 invenitur
908 1107 1008 1171 nulla.
1051 1108 1095 1169 At
1115 1109 1187 1168 erat
1201 1125 1269 1169 om·

120 1214 195 1277 nino
216 1232 463 1295 supervacanea,
485 1232 567 1289 curn,
590 1218 628 1275 ut
649 1232 748 1296 supra
769 1210 996 1288 demonstravi,
1020 1207 1148 1273 Solonis
1158 1212 1267 1272 aetate

119 1313 177 1379 soli
200 1313 291 1379 nothi
312 1314 556 1397 frequentarent
578 1313 768 1398 Cynosargis
790 1313 1000 1397 gymnasium.
1053 1311 1180 1389 Quare
1202 1331 1267 1374 non

116 1418 230 1499 jussit,
263 1417 349 1501 quod
376 1415 472 1480 aliter
502 1414 573 1479 fieri
602 1437 666 1481 non
697 1417 812 1500 potuit.
863 1414 925 1480 Sed
948 1414 1035 1497 quod
1055 1414 1191 1478 vetitum
1214 1432 1268 1476 ex·

119 1519 237 1602 pressis
264 1518 368 1583 verbis
390 1538 454 1582 non
477 1523 562 1596 erat,
595 1523 708 1600 postea
730 1539 802 1582 curn
824 1537 875 1581 res
896 1522 1100 1582 mutarentur
1122 1537 1186 1579 non
1209 1515 1268 1579 mi·

119 1641 192 1685 rum
213 1627 263 1685 est
284 1620 370 1704 quod
392 1618 662 1684 committebatur.
714 1620 943 1705 Negligebatur
963 1619 1063 1702 igitur
1085 1618 1268 1700 antiquissi-

119 1743 207 1786 mum
222 1721 303 1786 illud
318 1722 498 1805 spuriorum
513 1722 546 1786 in
558 1721 742 1806 Cynosarge
753 1723 967 1787 ministerium
978 1742 1113 1786 sacrum.
1159 1719 1265 1784 Etiam

118 1829 193 1909 post
223 1824 326 1909 legem
354 1825 486 1890 Periclis
514 1824 662 1889 Herculis
684 1827 790 1889 cultus
811 1825 901 1890 nullo
923 1824 1018 1889 modo
1041 1823 1084 1888 ad
1105 1823 1191 1888 solos
1211 1841 1263 1885 no

119 1927 192 1993 thos
214 1928 327 2009 rediit,
361 1928 479 2012 quippe
507 1927 562 2009 qui
591 1948 656 1991 non
686 1929 746 1992 soli
768 1927 961 2011 Cynosargis
982 1926 1184 2010 gymnasium
1205 1924 1266 1988 fre

119 2035 313 2114 quentarent
331 2034 367 2113 ¹).
427 2033 470 2094 At
485 2050 580 2093 amen
612 2051 685 2094 cum
721 2032 828 2096 nescio
862 2032 935 2114 quis
967 2035 1080 2113 postea
1112 2031 1268 2106 moneret,

120 2133 291 2198 Herculem
321 2129 356 2197 ἐν
378 2127 582 2217 Κυνοσάργει
611 2132 785 2197 nothorum
815 2134 996 2216 antiquitus
1026 2132 1119 2216 quasi
1147 2130 1269 2215 praesi-

120 2235 193 2301 dem
215 2255 292 2316 esse,
316 2236 367 2301 cui
390 2236 449 2300 soli
469 2235 562 2300 nothi
584 2255 675 2299 sacra
697 2234 848 2302 iecissent
869 2242 1013 2320 tempore
1035 2235 1160 2301 Solonis
1180 2238 1213 2298 et
1228 2231 1270 2299 ob

119 2359 191 2403 eam
214 2360 345 2404 causam
366 2344 444 2402 tunc
466 2359 593 2422 quoque
615 2337 675 2402 soli
698 2338 874 2404 sacrificari
897 2339 1059 2418 deberent,
1083 2336 1272 2422 psephisma

119 2440 202 2505 illud
224 2440 380 2506 edebatur
403 2441 595 2520 Alcibiadis,
631 2461 695 2523 quo
724 2442 779 2524 qui
807 2447 920 2526 postea
941 2437 1070 2529 γνήσιοι
1093 2439 1273 2524 Cynosargi

120 2543 275 2627 adscripti
303 2548 398 2608 erant
428 2542 468 2607 ab
498 2541 572 2606 hoc'
586 2542 763 2607 ministerio
785 2543 987 2627 parasitandi
1009 2543 1139 2608 omnino
1162 2541 1273 2606 exclu-

121 2645 297 2726 debantur,
330 2644 454 2722 nothis,
489 2645 544 2727 qui
575 2664 615 2707 ex
645 2645 861 2709 concubinatu
891 2646 1028 2710 duorum
1056 2646 1173 2710 civium
1199 2645 1274 2709 nati

121 2750 262 2832 erant2),
286 2748 454 2831 antiquum
474 2747 527 2830 jus
549 2742 648 2828 (κατὰ
663 2742 705 2834 τὰ
720 2742 860 2832 πάτρια)
882 2749 1115 2832 antiquumque
1131 2747 1273 2812 officium

121 2850 326 2914 reddebatur.
374 2849 489 2933 Itaque
512 2848 638 2914 Solonis
661 2849 714 2913 lex
735 2850 865 2915 sublata
886 2872 948 2915 non
971 2857 1035 2930 est,
1067 2852 1165 2916 immo
1185 2851 1275 2915 cavit

123 2951 314 3033 Alcibiades,
338 2951 471 3035 nequis
493 2950 575 3016 falso
598 2972 669 3016 eam
690 2952 970 3038 interpretaretur.
1015 2953 1079 3018 Sed
1093 2960 1207 3018 contra
1222 2972 1274 3034 ea,

124 3101 331 3111 ..------

195 3184 215 3254 ι)
251 3184 329 3251 Quod
346 3184 467 3239 Meierus
487 3187 521 3239 de
538 3187 602 3240 bon.
621 3187 743 3240 damnat.
761 3204 788 3255 p.
808 3189 842 3240 75
867 3187 949 3241 dicit:
981 3189 1048 3254 „aut
1066 3189 1138 3240 enim
1157 3189 1205 3257 qui
1221 3184 1272 3240 νό-

124 3279 173 3325 θοι
190 3274 275 3326 semel
292 3272 442 3342 Cynosargi
461 3274 596 3342 adscripti
613 3278 700 3342 erant,
719 3275 749 3327 hi
767 3274 850 3327 etiam
867 3278 931 3343 post
947 3274 1038 3343 legem
1049 3275 1165 3328 Periclis
1178 3293 1273 3343 quam·

124 3379 206 3430 quam
225 3362 339 3414 civitate
356 3360 471 3429 privati,
496 3362 583 3414 nihilo
602 3363 691 3415 secius
710 3379 773 3414 cum
790 3363 909 3431 posteris
927 3364 983 3418 suis
1001 3360 1151 3430 Cynosargi
1169 3364 1274 3418 adscri-

123 3450 269 3517 bebantur,
288 3446 352 3501 novi
370 3451 463 3500 autem
480 3465 536 3501 non
553 3449 671 3517 amplius
689 3449 903 3517 recipiebantur,
928 3451 1001 3504 unde
1018 3467 1077 3503 mos
1095 3451 1143 3504 ille
1160 3468 1226 3505 mox
1243 3453 1274 3506 in

124 3537 292 3592 oblivionem
311 3535 396 3589 abiit:
415 3540 464 3589 aut
477 3577 484 3590 .
499 3578 504 3589 .
520 3577 526 3589 .
542 3576 548 3587 .
566 3537 638 3590 cot.“
658 3537 769 3591 omnino
786 3555 882 3591 verum
901 3554 961 3590 esse
978 3538 1083 3606 nequit.

195 3625 217 3692 2)
252 3623 353 3678 Nescio
377 3640 413 3675 an
436 3623 475 3677 eis
500 3641 621 3694 quoque,
648 3641 716 3692 quos
734 3625 802 3679 ciris
821 3642 855 3676 ex
873 3640 952 3677 serva
969 3626 1074 3692 genuit.
1111 3626 1224 3694 Spurios
1240 3630 1276 3679 nt

123 3714 164 3768 ita
181 3713 273 3767 dicam
288 3712 456 3781 peregrinos,
475 3729 642 3781 quamquam
655 3712 771 3766 Periclis
791 3714 881 3781 legem
899 3713 988 3781 ipsam
1005 3712 1079 3765 illius
1099 3716 1191 3766 aetate
1209 3714 1275 3767 sub·
1350 3715 1351 3752 l

124 3801 211 3853 latam
234 3817 293 3854 esse
311 3800 412 3853 scimus
432 3817 488 3853 non
505 3801 661 3869 putaverim
679 3801 770 3853 denuo
788 3801 818 3853 in
837 3801 1006 3871 Cynosarges
1028 3818 1088 3855 esse
1107 3801 1274 3871 adscriptos,

125 3888 189 3956 quia
207 3887 256 3941 ubi
273 3888 382 3941 sublata
399 3887 461 3957 lege
479 3888 509 3940 in
528 3888 629 3941 civium
646 3905 792 3941 numerum
810 3890 916 3956 recepti
934 3893 1013 3943 erant
1031 3890 1180 3945 adomnia
1196 3908 1275 3959 gym-
1349 3955 1350 3958 Ἴ

125 3975 203 4028 nasia
220 3975 312 4028 aditus
331 3979 450 4044 pateret.
484 3975 632 4030 Praeterea
655 3994 711 4030 non
734 3977 775 4029 ita
796 3977 885 4032 multo
907 3982 972 4044 post
996 3994 1068 4032 nova
1091 3978 1154 4047 lege
1171 3977 1275 4032 iterum
1349 3973 1350 4044 i

126 4061 239 4116 civitate
256 4063 360 4131 privati
377 4067 450 4116 sunt.
