2750 4575
720 169 759 229 10

167 381 259 438 τους,
291 352 367 435 τοὺς
388 353 430 422 τὰ
452 352 594 444 δημόσια
623 361 670 438 (Σ.
694 354 771 438 τοὺς
792 356 947 448 δημοσίᾳ)
976 357 1185 443 σιτουμένους
1206 356 1240 423 ἐν
1261 363 1319 444 τῷ

167 455 362 547 νὴυτανείῳ.
401 453 561 537 Ἀττικῶς
578 464 621 539 ¹),
651 481 807 545 apparere
828 463 969 541 videtur,
1000 462 1207 527 Plutarchum
1230 483 1316 545 quo-

167 585 244 647 que,
276 584 347 629 cum
369 564 462 627 istam
488 561 613 626 Solonis
636 562 738 645 legem
761 563 891 629 afferret
913 566 952 630 de
974 565 1076 649 epulis
1097 566 1130 629 in
1153 571 1317 648 prytaneo

166 665 292 750 publice
322 665 515 748 comparatis
545 665 710 747 cogitasse.
761 666 865 744 Quare
895 689 960 732 non
991 667 1083 732 modo
1115 669 1252 731 editores
1268 670 1313 747 ²),
1364 714 1365 721 .

108 808 111 814 -
166 767 276 832 sedt
244 768 341 831 etiam
364 767 464 848 alii3)
492 766 626 832 difficult
613 773 713 842 tates
743 790 825 852 quae
847 768 993 833 huic't
943 792 977 833 1n
980 776 1121 854 ttaerpre
1124 771 1203 833 tioni
1225 769 1314 834 obsi-

166 874 296 948 sterent,
320 875 377 934 aut
392 869 566 934 omiserunt
587 874 644 933 aut
660 891 806 933 amovere
829 872 934 935 conati
957 878 1041 936 sunt.
1019 873 1313 936 tNecessarium

165 972 264 1055 igitur
286 976 343 1051 est,
365 994 406 1036 ne
428 972 553 1037 obscuri
575 971 652 1055 quid
674 971 765 1036 hac
756 995 790 1036 rn
813 994 847 1037 re
869 974 1029 1056 relinquat
1030 981 1136 1053 ur,nt
1100 974 1190 1038 ntde
1205 974 1314 1058 epulis

165 1075 199 1138 in
220 1078 376 1157 prytaneo
400 1074 640 1140 Atheniensium
656 1077 684 1155 4)
714 1075 835 1158 paratis
865 1076 973 1160 paullo
1002 1078 1181 1141 accuratius
1211 1078 1313 1141 disse·

167 1197 284 1240 ramus.
331 1176 421 1255 Quod
453 1176 539 1260 apud
561 1175 762 1241 Athenaeum
785 1178 847 1262 (IV
869 1201 898 1262 p.
920 1184 977 1242 137
996 1179 1039 1260 Ε)
1069 1178 1120 1243 lex
1148 1177 1310 1261 quaedam

166 1279 232 1342 alia
255 1278 380 1344 Solonis
402 1279 563 1344 invenitur
586 1279 681 1344 haec:
707 1276 818 1345 Σόλων
840 1278 877 1345 δὲ
898 1282 970 1357 τοῖς
992 1276 1026 1344 ἒν
1048 1275 1232 1365 πρυτανείῳ
1255 1302 1311 1345 οι-

166 1377 336 1462 τουμένοις
357 1379 462 1462 μᾶζαν
484 1378 637 1466 παρέχειν
658 1378 791 1461 κελεύει,
815 1374 913 1468 ἄρτον
934 1380 970 1447 δὲ
991 1385 1066 1460 ταῖς
1087 1376 1216 1468 ἑορταῖς
1238 1404 1312 1446 ιτα-

165 1479 356 1571 ρατιθέναι,
389 1479 588 1565 μιμούμενος
609 1479 667 1547 τὸν
681 1479 841 1570 Ὅμηρον,
876 1486 990 1568 conjici
1013 1486 1105 1564 licet,
1139 1485 1207 1567 jam
1231 1492 1311 1550 ante

165 1584 313 1651 Solonem
330 1589 357 1668 5)
380 1586 538 1650 exstitisse
560 1586 671 1670 epulas
694 1585 849 1671 publicas,
872 1587 987 1670 quibus
1010 1589 1125 1651 summi
1140 1588 1312 1671 magistra-

165 1695 217 1754 tus
239 1695 272 1752 et
293 1689 392 1772 legati
414 1686 550 1751 aliarum
574 1689 759 1766 civitatum,
798 1690 915 1773 quique
946 1689 1027 1753 bene
1056 1689 1095 1754 de
1122 1689 1312 1773 republica

165 1791 358 1856 meruissent
373 1792 422 1870 ⁶),
459 1796 636 1855 uterentur.
691 1790 817 1854 Etenim
844 1798 917 1875 post
939 1791 1088 1856 Solonem
1109 1790 1143 1855 hi
1165 1792 1225 1855 viri
1248 1792 1311 1856 hoc

165 1914 287 1959 summo
310 1893 430 1958 honore
447 1894 475 1972 7)
498 1891 697 1973 fruebantur,
720 1914 822 1976 neque
844 1894 899 1958 alii
921 1899 1056 1977 possunt
1070 1894 1212 1977 cogitari,
1238 1897 1311 1977 qui-

164 1997 224 2061 bus
246 2002 341 2061 antea
363 1994 452 2061 cibus
474 1994 600 2079 publice
623 1995 665 2060 sit
686 1997 860 2079 praebitus.
904 1996 1013 2060 Potuit
1034 2016 1123 2074 vero,
1146 2017 1218 2059 cum
1241 2010 1310 2061 ma-

165 2099 319 2182 gistratus
340 2120 397 2184 per
419 2097 538 2182 publici
560 2097 703 2161 muneris
726 2103 861 2180 tempuS,
883 2099 982 2181 legati
1004 2119 1099 2182 quam
1124 2098 1179 2162 diu
1202 2106 1312 2164 essent

165 2201 309 2281 Athenis,
332 2201 363 2264 in
387 2205 542 2284 prytaneo
565 2206 747 2278 coenarent,
770 2205 827 2263 aut
849 2202 883 2264 in
906 2206 1028 2264 certum
1052 2199 1213 2283 quoddam
1229 2206 1312 2265 tem·
1364 2188 1365 2217 ³

164 2306 267 2389 pusss)
290 2310 348 2368 ant
369 2310 543 2387 perpetuus
559 2305 590 2387 ⁹)
613 2304 701 2368 cibus
724 2304 822 2367 tribui
845 2303 899 2382 eia,
923 2303 977 2386 qui
993 2305 1118 2388 egregie
1133 2304 1313 2388 quidquam
1364 2367 1365 2376 ,

164 2405 379 2491 perfecissent.
429 2406 491 2472 Sed
518 2413 647 2489 praeter
677 2406 725 2470 rei
757 2404 903 2490 publicae
931 2406 1139 2490 magistratus
1168 2404 1313 2492 (πρυτά-
1364 2401 1365 2440 3

164 2565 368 2574 Μ-

237 2644 257 2712 ὶ)
291 2642 416 2696 Piersoni
439 2642 475 2695 ad
500 2641 574 2694 hunc
592 2641 683 2694 locum
702 2641 846 2695 adnotatio
865 2643 1015 2697 secundum
1035 2660 1067 2696 ea
1085 2660 1155 2712 quae
1172 2643 1246 2697 infra
1264 2644 1313 2697 do·

165 2733 233 2787 cebo
251 2732 356 2785 nullam
373 2730 459 2783 habet
476 2728 540 2782 vim.
575 2728 680 2782 Eadem
704 2729 790 2781 verba
815 2732 926 2782 exstant
950 2731 1024 2799 apud
1048 2731 1144 2785 Thom.
1167 2732 1243 2800 Mag.
1268 2732 1313 2785 ed.

164 2819 282 2875 Ritschl.
300 2836 328 2887 p.
346 2818 406 2882 280,
425 2820 450 2870 8.

234 2907 257 2975 2)
292 2905 328 2961 cf.
346 2906 588 2958 Westermannum
606 2904 642 2956 ad
660 2903 686 2956 h.
706 2903 729 2955 15

234 2994 257 3061 3)
292 2993 326 3046 Κ.
343 2993 375 3047 F.
396 2992 544 3046 Hermann.
563 2991 772 3045 Staatsalterth.
790 2992 833 3045 ed.
851 2991 897 3044 IV.
916 2991 939 3061 ξ.
960 2993 1018 3059 127,
1039 2996 1080 3046 17.

235 3081 258 3150 4)
293 3081 328 3135 de
346 3081 402 3134 situ
419 3080 548 3149 prytanei
566 3079 600 3133 cf.
613 3080 753 3148 Petersen,
772 3097 821 3132 zur
833 3079 1026 3148 Topographie
1038 3080 1153 3133 Athens.
1166 3080 1314 3134 Archaeol.

164 3171 226 3240 Ztg.
245 3170 271 3223 X
289 3187 315 3222 n.
335 3172 378 3223 37.
395 3186 423 3236 p.
438 3171 499 3222 410.

235 3258 258 3326 5)
295 3256 330 3312 οΙ.
348 3257 387 3310 M.
404 3256 439 3309 Η.
456 3256 489 3308 Ε.
507 3255 594 3308 Meier
613 3255 647 3309 de
665 3254 724 3307 vita
740 3253 861 3321 Lycurgi
883 3271 909 3321 p.
929 3254 1027 3307 XCVII
1045 3271 1084 3322 sq.
1108 3253 1137 3306 in
1160 3254 1312 3323 Kiessling.

165 3345 264 3415 fragm
281 3344 411 3412 Lycurgi.
446 3342 524 3395 Halia
542 3342 604 3395 Sax.
624 3345 703 3396 1834.

236 3434 257 3501 θ)
292 3431 405 3485 Lucian.
424 3429 563 3483 Prometh.
582 3432 610 3498 43
633 3428 764 3482 Aeschin
782 3430 845 3499 τερ)
863 3430 1129 3499 παραπρεσβείαςρ
1142 3430 1228 3483 34.-
1257 3428 1313 3480 Ile-
1364 3415 1365 3480 l

165 3520 265 3576 mouth.
283 3515 352 3570 κατὰ
367 3512 630 3588 Ἀριοτοκράτουςρ.
650 3520 716 3584 6633
735 3513 806 3588 πρὸς
822 3518 1009 3584 Πολυκλέαρ.
1029 3518 1105 3569 1210.

236 3608 259 3675 ⁷)
295 3606 351 3660 Cic.
374 3607 410 3659 de
432 3608 501 3659 orat
519 3606 540 3671 Ι,
560 3606 601 3672 54,
620 3607 685 3673 2325
717 3605 801 3658 schol
828 3603 970 3672 Aristoph
995 3603 1079 3672 equit.
1101 3620 1126 3655 v.
1147 3604 1205 3655 167.
1232 3618 1314 3671 περι.
1364 3579 1365 3648 l

166 3692 346 3749 σπούδαστον
364 3686 432 3746 δὲ
414 3710 448 3760 ην
466 3688 591 3757 τοιαύτης
609 3691 712 3763 δωρεαῖς
728 3695 830 3760 τυχεῖν

236 3784 260 3850 8)
296 3782 331 3837 cl.
352 3781 481 3835 Aeschin.
499 3780 516 3831 l.
535 3780 553 3832 l.

237 3870 259 3937 ⁹]
295 3869 329 3923 cf.
350 3868 404 3922 Cic.
421 3869 440 3921 l.
458 3868 477 3921 l.
504 3867 577 3936 quod
604 3884 667 3919 cum
691 3867 876 3934 interrogatus
900 3866 1026 3918 Socrates
1051 3867 1136 3930 esset,
1168 3863 1315 3932 respondit

168 3973 227 4011 sese
244 3960 389 4025 meruisse,
418 3960 450 4009 ut
473 3955 649 4023 amplissimis
674 3954 825 4007 honoribus
844 3956 872 4005 et
887 3952 1017 4020 praemiis
1037 3952 1214 4004 decoraretur
1233 3954 1262 4003 et
1280 3956 1315 4004 ut

169 4045 192 4096 ei
212 4044 302 4097 victus
322 4043 472 4095 cotidianus
489 4043 519 4095 in
536 4045 671 4110 prytaneo
688 4041 876 4109 praeberetur.
