2750 4575
730 169 769 228 14

176 347 344 417 κατὰτὰ
367 347 523 440 πάτρια.
561 347 604 430 ὅς
633 345 662 417 δ’
688 346 734 417 ἄν
762 349 814 441 μὴ
841 349 945 438 θέλῃ
968 353 1227 437 παρασιτεῖν,
1272 345 1329 414 εἶ-

179 454 332 540 ceptro
360 451 427 518 καὶ
456 451 548 540 περὶ
577 450 725 519 τούτων
752 448 810 531 sic
835 451 879 518 τὸ
904 449 1170 541 δικαστήριον.
1215 453 1329 517 Nemi·

178 580 251 623 nem
274 577 351 623 sane
373 563 480 642 potest
501 556 653 642 effugere,
681 564 826 622 extrema
847 557 958 622 verba:
989 548 1026 634 ὃς
1047 551 1077 620 δ’
1099 548 1138 619 ἃν
1161 593 1204 602 -
1227 555 1328 620 δικα-
1365 609 1366 632 ,

178 656 310 747 στήριον
332 658 436 724 simile
459 659 535 742 quid
557 660 720 725 continere
743 680 780 723 ac
795 660 979 725 Plutarchi:
1004 655 1060 724 ἐὰν
1083 656 1119 723 δὲ
1140 647 1168 743 ᾧ
1190 655 1329 746 καθήκῃ

178 760 222 849 μὴ
245 758 403 849 βαύλῃται
424 764 480 845 (εσ.
507 764 692 843 σιτεῖσθαι)
721 758 860 841 κολάζει.
905 762 1048 846 Utroque
1070 762 1155 825 enirn
1178 762 1250 825 loco
1274 782 1328 824 ca·
1365 769 1366 850 l

178 871 271 929 vetur
292 886 333 928 ne
356 863 435 948 quis,
458 864 580 929 caifas
602 866 644 929 sit
665 868 871 950 παρασιτεῖν,
895 870 1035 943 rccuset3
1057 867 1193 947 apparet
1214 869 1329 926 autem

179 966 277 1031 verba
299 965 463 1030 Plutarchi
485 986 525 1029 ex
548 966 672 1032 Solonis
694 967 833 1050 quadam
855 967 940 1049 lege,
972 965 1154 1029 Polemonis
1176 987 1216 1028 ex
1241 965 1328 1028 Alci·

178 1068 283 1133 biadis
310 1067 526 1152 psephismate
558 1089 627 1133 esse
656 1069 766 1133 allata.
812 1074 855 1133 At
883 1069 983 1133 statui
1005 1068 1141 1133 fortasse
1162 1072 1272 1150 potest
1294 1074 1330 1131 et
1365 1099 1366 1104 ε

178 1170 280 1254 legem
313 1175 346 1234 et
373 1170 555 1254 psephisma
583 1193 680 1235 unam
711 1171 907 1255 eandemque
937 1192 1005 1235 rem
1032 1175 1180 1234 tractare.
1226 1169 1327 1234 Solon
1365 1151 1367 1250 l

180 1273 266 1337 enim
289 1272 323 1336 in
345 1273 500 1336 columnis
522 1273 583 1352 eis,
607 1295 689 1356 quac
711 1270 841 1358 κύρβεις
863 1275 913 1337 vel
935 1265 1046 1354 ἄξονες
1064 1279 1089 1355 ¹)
1116 1273 1325 1350 vocabantur,

180 1396 244 1438 non
266 1374 361 1438 modo
384 1374 423 1438 de
442 1375 516 1457 jure
538 1374 664 1459 publico
686 1377 741 1439 sed
765 1379 861 1440 ctiam
885 1377 923 1440 de
947 1397 1038 1441 sacro
1060 1382 1233 1460 praecepta
1247 1375 1323 1437 scri-

180 1483 309 1560 pserat,
347 1497 442 1559 quarn
472 1477 511 1542 ob
539 1499 606 1541 rem
630 1478 669 1542 de
691 1480 843 1561 parasitis
865 1499 991 1561 quoque
1017 1523 1052 1530 -
1078 1478 1154 1561 quia
1178 1475 1325 1540 Herculis

180 1579 270 1644 cultu
294 1578 418 1661 sejungi
441 1599 533 1661 posse
556 1601 619 1643 non
642 1580 793 1644 videntur
814 1619 857 1629 -
878 1580 980 1663 legem
1003 1580 1078 1644 tulit
1100 1579 1221 1643 scilicet
1242 1599 1324 1656 eam,

181 1702 221 1745 ex
243 1702 307 1765 qua
330 1678 521 1744 Plutarchus
543 1681 699 1745 nonnulla
721 1682 818 1747 verba
840 1683 961 1747 attulit.
1006 1681 1134 1765 Optime
1149 1682 1234 1744 enim
1249 1679 1327 1743 huic

180 1782 243 1865 legi
273 1782 421 1846 convenit
448 1781 588 1847 formula
615 1778 671 1848 ἐὰν
701 1783 739 1849 δὲ
767 1773 793 1871 (ξ
814 1780 945 1872 καθήκῃ
966 1780 1011 1871 μὴ
1034 1779 1202 1870 βούληται.
1245 1781 1323 1844 Plu—

115 1893 116 1898 ’
180 1885 312 1949 tarchus
334 1890 459 1964 autem,
494 1907 566 1949 cum
589 1886 629 1950 de
651 1887 802 1971 parasitis
824 1889 894 1953 istis
916 1887 1077 1972 prioribus
1099 1886 1145 1950 nil
1167 1886 1261 1949 sciret
1281 1922 1330 1933 -

181 2008 284 2070 neque
306 1987 392 2051 enim
414 1986 500 2070 apud
523 2009 595 2052 eum
619 1991 773 2054 memoria
795 2010 904 2054 eorum
927 1996 1097 2053 exstat-
1121 2007 1256 2070 cumque
1271 2007 1328 2050 vo-

154 2149 157 2154 ,
182 2087 331 2156 cabulum
347 2092 543 2174 παρασιτεῖν
558 2092 647 2155 vario
663 2093 758 2156 modo
774 2100 882 2175 posset
899 2092 1042 2176 intelligi,
1064 2094 1165 2174 legem
1177 2090 1217 2153 ad
1230 2084 1328 2175 σι’τῃ-

183 2212 235 2259 σιν
257 2188 291 2256 ἐν
311 2187 497 2278 πρυτανείῳ
517 2192 638 2258 referre
659 2195 739 2258 satis
761 2201 880 2259 temere
901 2215 966 2260 non
981 2195 1150 2259 dubitavit.
1194 2190 1228 2256 Si
1250 2213 1328 2256 vero

182 2297 254 2380 quis
275 2296 410 2360 miretur
431 2317 488 2361 cur
503 2295 676 2362 Alcibiadis
700 2295 883 2381 psephisma
905 2298 945 2362 de
968 2299 1080 2363 eadem
1102 2297 1261 2362 relatum
1286 2296 1333 2359 sit

183 2405 280 2482 atque
304 2397 429 2463 Solonis
451 2399 587 2481 antiqua
610 2399 678 2477 lex,
712 2398 780 2482 jam
804 2421 843 2463 ex
866 2401 912 2464 eis
934 2421 1017 2483 quae
1039 2399 1223 2484 prolaturus
1245 2417 1332 2475 sum,

182 2521 275 2584 spero
305 2521 435 2565 causam
464 2499 703 2564 intellecturum
733 2522 810 2566 esse.
858 2502 903 2567 De
931 2508 1074 2585 tempore
1102 2500 1334 2587 psephismatis

183 2603 322 2668 Meierus
338 2605 366 2681 2)
387 2601 545 2685 quaesivit
566 2608 663 2686 atque
686 2602 882 2669 Alcibiadem
906 2606 1076 2684 minorem,
1106 2604 1162 2687 qui
1183 2602 1335 2685 aequalis

183 2710 267 2770 esset
294 2703 434 2770 filiorum
460 2702 656 2787 Thucydidis
683 2705 829 2771 Milesiae
851 2706 889 2786 ί,
927 2706 1071 2771 Milesiae
1101 2711 1135 2770 ct
1163 2704 1334 2788 Stephani,

183 2813 347 2871 auctorem
379 2806 449 2888 ejus
480 2826 548 2870 esse
582 2828 678 2890 quam
711 2808 962 2874 luculentissime
994 2809 1144 2874 ostendit.
1204 2807 1333 2890 Itaque,

183 2930 256 2975 cum
279 2910 363 2973 circa
385 2907 433 2973 Ol.
451 2907 634 2996 LXXXVII
649 2908 746 2995 (430)
767 2931 835 2975 rem
856 2911 1018 2996 publicam
1042 2915 1223 2998 capesseret
1241 2911 1333 2975 'Alci-

184 3010 309 3091 biades,
337 3010 396 3075 hoc
426 3016 568 3093 tempore
589 3013 749 3096 posterius
771 3036 838 3080 esse
871 3015 967 3080 debet
995 3016 1206 3101 plebiscitum,
1265 3011 1333 3077 Sed

185 3113 286 3178 multo
308 3113 463 3196 majorem
486 3113 709 3180 difficultatem
729 3117 862 3202 praebet
885 3119 1066 3202 spuriorum
1087 3116 1214 3180 mentio.
1266 3112 1333 3174 No-

184 3216 309 3279 tissima
330 3220 379 3280 est
400 3215 566 3283 Plutarchi
587 3222 741 3297 narratio,
764 3242 862 3302 quam
877 3223 910 3284 in
926 3223 992 3283 vita
1007 3213 1227 3281 Themistoclis
1243 3212 1282 3291 (l,
1295 3217 1332 3293 2)

185 3317 277 3383 nobis
298 3318 443 3397 tradidit,
466 3319 721 3400 Themistoclem,
749 3324 804 3403 qui
827 3321 869 3384 ad
890 3321 1136 3382 exercitationes
1157 3319 1332 3400 gymnasti-

185 3440 240 3486 cas
260 3421 295 3484 in
318 3420 499 3506 Cynosarge
522 3430 605 3489 emet
626 3423 812 3506 inscriptus,
846 3421 923 3505 quia
951 3440 1017 3485 non
1047 3420 1088 3485 ab
1116 3425 1252 3502 utroque
1274 3439 1333 3501 pa-

187 3706 286 3761 scribit
303 3706 382 3768 ἔςων,
401 3722 566 3775 quamquam
584 3704 614 3756 id
632 3702 743 3772 quidem
761 3703 858 3772 negari
870 3704 975 3773 nequit,
993 3705 1079 3758 verba
1091 3702 1252 3774 paullulum,
1271 3721 1331 3757 sen·

186 3811 247 3848 sum
264 3794 383 3847 maxime
401 3792 454 3846 hac
472 3791 630 3860 conjectura
647 3791 759 3845 mutari.
793 3792 905 3847 Docebo
929 3795 1022 3846 autem
1048 3792 1122 3846 infra
1147 3792 1234 3847 solum
1258 3791 1332 3846 hunc

186 3898 298 3936 sensnm
316 3885 412 3950 aptum
431 3897 498 3934 esse.

204 3997 206 4001 ·
258 3969 280 4038 ¹)
315 3967 350 4024 cf.
369 3969 405 4023 de
422 3969 461 4022 eis
479 3985 561 4038 quem
578 3968 608 4020 in
627 3967 703 4022 calce
722 3967 847 4037 opusculi
865 3967 972 4037 subjeci
990 3985 1145 4022 excursum.

259 4057 282 4125 2)
317 4056 448 4112 debonis
466 4056 589 4111 damnat.
624 4056 697 4110 Berl.
719 4058 796 4112 1819.
818 4073 846 4126 p.
865 4057 909 4111 75.
