2750 4575
728 131 768 190 28

177 318 270 397 dam,
300 318 355 402 qui
378 320 418 383 ab
440 318 552 383 incolis
573 321 632 405 τῆς
656 314 844 403 Μεσογείας
864 326 991 384 creatus
1013 324 1084 384 erat
1104 322 1324 386 communium

177 441 338 485 sacrorum
364 421 514 485 antistes:
539 417 729 508 ἐπειδὴ...
753 418 945 509 ἐπεμελήθη
967 425 1025 509 τῆς
1046 422 1178 509 τελετῆς
1192 420 1248 487 καὶ
1264 428 1325 511 τῆς

177 526 318 610 πομπῆς
338 527 385 609 τῷ
403 517 559 608 Ἡρακλεῖ
579 527 613 598 et
634 525 710 606 quia
733 524 892 607 permulta
914 525 979 588 alia
1001 524 1104 588 officia
1125 547 1217 590 sacra
1239 529 1325 610 opti-

177 647 228 691 me
245 626 438 709 perfecisset,
462 624 554 689 Olbio
576 626 740 705 archonte,
762 631 896 710 rogante
921 627 1157 709 Amynomacho
1180 629 1327 711 quodam

178 731 333 815 Βατῆθεν
355 747 472 793 corona
494 748 592 791 aurea
614 748 681 792 esse
706 734 902 792 coronatum.
948 729 1061 792 Nonne
1084 737 1219 813 apparet
1234 731 1326 796 inco

177 831 226 895 las
254 835 312 917 τῆς
335 831 523 913 Μεσογεῖας
541 834 565 912 ¹)
597 831 637 894 ad
666 852 718 895 res
745 852 853 896 sacras
881 831 1011 895 Herculi
1039 831 1204 896 faciendas
1233 841 1326 897 certo

177 933 316 1018 quodam
337 932 463 996 vinculo
485 932 672 1016 conjunctos
694 932 813 997 fuisse?
855 933 1026 1015 Mesogaea
1054 940 1162 998 autem
1192 955 1209 998 e
1236 957 1327 999 com-

176 1035 321 1121 pluribus
351 1035 521 1100 constabat
541 1035 640 1119 pagis.
687 1036 806 1114 Quodsi
829 1035 868 1100 de
890 1036 1041 1118 parasitis
1062 1057 1166 1101 sermo
1188 1037 1233 1101 ibi
1255 1059 1326 1102 non

177 1144 240 1216 est,
263 1138 380 1201 mirum
403 1159 467 1202 non
490 1142 552 1215 est,
575 1139 742 1221 quoniam,
763 1143 801 1201 nt
823 1159 863 1202 ex
885 1139 1014 1203 nomine
1036 1138 1200 1204 archontis
1222 1161 1325 1224 appa-

176 1246 226 1304 ret
248 1239 350 1303 multo
371 1239 602 1322 posterioribus
623 1240 820 1325 temporibus
843 1245 932 1304 ortus
954 1247 1003 1304 est
1024 1241 1076 1305 ifle
1098 1242 1227 1319 titulus,
1250 1243 1326 1325 qui-

176 1343 235 1407 bus
255 1343 471 1426 parasitorum
495 1343 628 1426 collegia
650 1365 715 1408 non
733 1342 802 1425 jam
825 1343 1018 1407 creabantur
1034 1346 1070 1423 2).
1116 1343 1149 1407 Si
1165 1365 1327 1408 veronna

175 1465 331 1528 pagorum
353 1446 555 1528 quorundam
577 1447 712 1509 societas
727 1452 814 1509 certo
830 1445 962 1524 exstitit,
987 1445 1118 1528 Sauppii
1135 1447 1327 1530 conjectura

176 1547 263 1631 (1.1.)
287 1552 388 1612 totam
405 1547 546 1611 Atticam
569 1546 611 1610 ad
627 1545 775 1610 Herculis
797 1545 917 1609 cultum
940 1545 1167 1610 celebrandum
1189 1549 1223 1611 in
1246 1570 1327 1632 par-

101 1695 103 1698 >
177 1653 225 1714 tes
248 1649 404 1731 quasdam
426 1649 558 1712 divisam
583 1648 695 1724 fuisse,
725 1647 839 1728 quibus
862 1647 994 1729 singulis
1016 1646 1135 1710 archon
1157 1657 1328 1731 praeesset

175 1757 304 1835 praeter
325 1749 635 1816 verisimilitudinem
664 1770 732 1813 esse
755 1769 817 1812 non
840 1748 975 1812 videtur.
1020 1749 1130 1832 Neque
1150 1771 1224 1814 vero
1247 1774 1329 1817 cum

176 1875 214 1918 eo
236 1853 435 1936 putaverim,
471 1853 566 1916 istam
596 1852 804 1936 partitionem
834 1851 969 1916 fortasse
998 1852 1096 1916 etiam
1118 1852 1161 1915 ad
1183 1852 1327 1919 aliorum

176 1957 308 2021 deorum
332 1956 453 2019 cultum
476 1955 682 2038 pertinuisse,
706 1975 778 2017 cunr
800 1954 931 2037 probari
952 1976 1014 2019 non
1039 1952 1139 2037 possit
1160 1956 1231 2039 pari
1254 1977 1325 2020 mo-

176 2056 217 2121 do
248 2056 327 2121 alios
357 2078 484 2140 quoque
514 2057 589 2121 deos
618 2057 658 2121 ab
682 2057 828 2121 omnihus
849 2056 940 2139 pagis
963 2057 1064 2122 cultos
1086 2077 1164 2120 esse.
1209 2059 1324 2142 Neque

175 2161 209 2224 in
242 2159 360 2224 eisdem
389 2161 479 2244 pagis
509 2158 720 2243 complurium
744 2158 875 2223 deorum
898 2166 992 2225 erant
1014 2158 1134 2242 templa
1155 2159 1325 2224 celeberri-

74 2302 76 2307 ,
157 2260 239 2327 'ma
285 2261 348 2327 Sed
377 2262 418 2326 ad
442 2262 617 2327 Diodorum
644 2267 844 2328 revertamur
873 2283 1000 2327 necesse
1023 2266 1080 2327 est.
1125 2261 1175 2325 Ex
1197 2261 1242 2327 eis
1263 2262 1323 2345 igi-

177 2371 247 2444 tur,
276 2385 358 2448 quae
378 2366 445 2448 jam
468 2366 604 2449 probare
627 2365 733 2429 conati
756 2386 881 2443 sumus,
903 2369 994 2449 patet
1015 2366 1178 2430 duodenos
1199 2364 1322 2446 parasi-

177 2472 227 2532 tos
258 2488 275 2532 c
305 2468 437 2551 singulis
458 2488 614 2551 pagorum
635 2468 842 2532 societatibus
865 2469 963 2532 sacris
985 2488 1052 2531 esse
1074 2472 1209 2530 creatos.
1254 2466 1322 2530 Mo

177 2570 316 2634 nendum
341 2575 398 2648 est,
421 2571 505 2653 quod
522 2570 680 2635 Diodorus
701 2570 734 2633 id
757 2570 914 2653 imprimis
928 2574 1063 2653 premat,
1084 2569 1243 2653 parasitos
1257 2590 1321 2631 non

178 2669 262 2737 sorte
295 2672 350 2735 sed
383 2674 544 2738 creatione
571 2693 638 2737 esse
664 2673 866 2736 constitutos.
912 2673 1001 2750 Quae
1022 2693 1074 2736 res
1097 2671 1229 2735 Clidemi
1252 2691 1320 2735 ver·

177 2774 242 2839 bis:
280 2769 336 2837 καὶ
362 2770 543 2860 παράσιτοι
565 2769 733 2861 ᾑρέθησαν
754 2777 801 2859 τῷ
819 2768 974 2860 Ἡρακλεῖ
989 2776 1017 2853 3)
1049 2773 1179 2837 omnino
1208 2771 1320 2836 coufir-

177 2882 294 2955 matur,
317 2898 452 2960 cumque
476 2878 515 2941 de
537 2878 688 2961 parasitis
710 2878 744 2940 in
760 2877 942 2959 Cynosarge
957 2877 1151 2940 contrarium
1169 2897 1231 2939 non
1248 2897 1320 2939 con-

178 2984 259 3058 stet,
300 2980 345 3044 ibi
375 2999 500 3062 quoque
530 2980 687 3062 parasitos
711 2985 837 3043 creatos
858 2978 907 3041 vel
929 2979 1046 3042 electos
1067 2999 1134 3042 esse
1158 2978 1320 3042 contendi-

177 3102 258 3146 mus.
309 3080 468 3146 Diodorus
498 3081 627 3164 quidem
657 3080 696 3145 de
729 3082 875 3146 Herculis
903 3082 1053 3165 parasitis
1078 3081 1110 3144 in
1142 3081 1320 3164 Cynosarge

177 3205 242 3248 non
264 3182 389 3248 locutus
412 3188 470 3247 est.
515 3184 596 3247 Nam
621 3204 817 3268 quamquam
839 3184 937 3248 verba
959 3180 994 3248 ἐκ
1017 3176 1064 3247 dv'
1086 3175 1195 3247 οἰστῶν
1217 3183 1250 3246 in
1271 3204 1320 3245 co

177 3285 300 3349 dicibus
316 3307 378 3347 non
395 3285 610 3365 inveniuntur,
633 3292 741 3349 tamen
757 3286 870 3350 Cobeti
885 3286 1078 3369 conjectura,
1102 3286 1220 3369 quippe
1240 3304 1321 3367 quae

179 3456 382 3467 ——m—

248 3578 268 3646 1)
305 3577 340 3631 cf.
358 3577 530 3631 Schoemann
549 3579 584 3633 de
602 3579 721 3633 comitiis
738 3597 765 3648 p.
779 3581 830 3634 342
844 3597 885 3648 sq.
920 3578 1038 3633 Leakius
1057 3579 1092 3633 de
1109 3579 1188 3649 pagis
1206 3579 1265 3634 Att.
1279 3582 1321 3636 ed.

178 3667 324 3720 Westerm.
342 3683 370 3735 p.
384 3668 409 3718 7.

247 3754 271 3821 2)
307 3753 386 3820 Quod
412 3770 446 3806 ex
468 3753 529 3822 ipsa
551 3753 732 3822 inscriptione
756 3752 789 3806 fit
811 3753 975 3821 verisimile,
1004 3771 1067 3807 cum
1084 3753 1205 3824 plurima
1224 3755 1321 3823 officia,

177 3846 291 3913 propter
309 3858 379 3910 quae
398 3844 544 3896 coronatus
564 3844 606 3895 est
623 3841 847 3908 Amynomachus
866 3842 1001 3910 ejusmodi
1018 3858 1078 3894 esse
1095 3843 1239 3912 videntur,
1266 3845 1323 3912 qui·

178 3932 229 3984 bus
249 3932 330 3982 antea
347 3928 463 3996 parasiti
480 3928 676 3997 fungebantur.

250 4016 274 4084 3)
310 4015 412 4068 Athen.
430 4016 467 4070 VI
486 4034 514 4085 p.
533 4017 585 4070 235
603 4015 635 4068 A.
672 4015 829 4069 Philochor.
848 4032 891 4084 ap.
911 4016 992 4070 eund.
1010 4034 1037 4086 p.
1055 4016 1108 4071 235
1126 4016 1159 4069 Ε.
