2750 4575
717 175 758 235 30

166 365 348 443 rasitorum,
371 383 412 425 an
435 366 522 425 totus
544 379 668 438 eorum,
692 359 747 441 qui
770 359 811 422 ad
834 363 956 423 certum
978 346 1137 442 quoddam
1162 359 1330 425 Herculis

166 466 321 550 templum
343 465 557 548 pertinerent,
587 481 739 526 numerus
768 467 913 545 sumptus
934 461 1119 525 toleraverit
1141 462 1328 527 nescimus,

167 570 229 635 Sed
258 589 298 632 ex
327 565 469 633 Diodoro
499 565 655 648 conjicere
683 585 852 647 possumus
886 564 1043 647 imprimis
1074 586 1113 628 ex
1147 565 1329 629 vocabulis

167 667 299 753 ἔχοντας
319 663 434 746 οὐσίας
463 669 548 752 ipsos
576 667 735 752 parasitos
758 666 1008 751 suppeditavisse
1031 672 1177 750 sumptus
1198 667 1328 733 eodem

167 775 261 841 modo
291 779 388 855 atque
416 771 467 849 ei,
504 770 615 853 quiin
639 769 820 853 Cynosarge
841 770 976 854 parasiti
998 777 1092 834 erant
1115 770 1214 835 creati
1273 775 1328 833 At

166 897 229 943 nen
253 875 344 940 addit
366 877 611 956 pottacoactos
632 873 731 936 tuisse
753 893 824 951 eos,
863 873 918 955 qui
940 872 1040 936 creati
1061 879 1168 937 essent
1189 872 1326 955 parasi-

167 979 241 1044 tari.
285 978 433 1042 Fortasse
455 975 531 1058 quia
552 973 660 1039 nothis
682 969 738 1038 διὰ
758 970 797 1038 τὸ
816 969 861 1061 μὴ
877 969 959 1056 {herr
973 967 1160 1058 ἀγχιστείαν
1175 995 1325 1058 magnae

166 1101 219 1147 res
239 1079 415 1149 familiares
436 1098 505 1143 esse
525 1099 589 1141 non
612 1075 767 1157 solerent,
796 1077 935 1143 formula
956 1077 1014 1142 illa
1037 1078 1098 1161 legi
1121 1077 1322 1160 subjuncta:

166 1178 205 1261 dg
236 1175 265 1251 δ’
293 1172 332 1246 dv
360 1178 404 1267 μὴ
433 1177 518 1266 θέλῃ
546 1182 744 1264 παρασιτεῖν
765 1173 922 1264 εἰσαγέτω
944 1176 1000 1244 καὶ
1021 1176 1099 1265 περὶ
1120 1174 1244 1243 τούτων
1255 1160 1322 1258 ἐἷς

167 1283 206 1352 τὸ
228 1279 437 1370 δικαστήριον
459 1282 501 1347 ad
523 1283 760 1365 suscipiendum
783 1304 862 1348 onus
884 1282 1096 1364 cogebantur,
1118 1304 1190 1347 cum
1213 1283 1322 1348 ceteri

167 1380 298 1469 (odaiae
325 1381 464 1467 ἰΰζοντες)
493 1385 665 1468 parasitari
695 1407 759 1449 nou
789 1390 985 1450 recusarent.
1030 1386 1177 1464 Quanam
1207 1406 1248 1449 ex
1280 1405 1321 1448 re

169 1490 379 1557 Causabonus
401 1486 609 1566 concluserit,
633 1487 748 1552 divites
769 1486 841 1552 illos
863 1488 1009 1553 homines
1031 1509 1051 1551 a
1073 1489 1203 1552 civitate
1225 1508 1323 1561 crea-v

168 1599 219 1658 tos
241 1613 306 1656 non
328 1592 415 1675 ipsos
436 1589 533 1654 fuisse
556 1589 735 1672 parasitos,
771 1591 869 1655 immo
891 1591 1008 1655 aluisse
1030 1591 1211 1675 parasitos,
1247 1611 1318 1654 non

168 1694 276 1774 vidae,
305 1693 368 1758 nisi
388 1691 472 1756 forte
494 1712 534 1756 ex
555 1691 694 1771 ultimis,
726 1713 806 1775 quos
827 1694 981 1777 exscripsi
1003 1693 1137 1758 Diodori
1158 1692 1315 1757 versibus.

168 1797 230 1862 Sed
253 1794 449 1860 intellexerit
471 1793 566 1858 velim
589 1813 681 1857 omne
704 1793 885 1860 claudicare
907 1796 1020 1861 simile.
1065 1796 1137 1860 Non
1160 1796 1237 1879 quia
1257 1815 1317 1879 po-

168 1899 318 1965 steriores
346 1896 482 1981 parasiti
511 1902 605 1960 erant
633 1916 791 1980 pauperes
814 1904 847 1963 et
868 1899 945 1982 quia
967 1920 987 1963 a
1009 1899 1161 1964 divitibus
1184 1898 1316 1963 aleban-

169 2007 232 2081 tur,
254 2000 404 2067 Herculis
426 2019 552 2083 quoque
574 1999 710 2082 parasiti
731 2021 889 2084 pauperes
911 2021 980 2064 esse
1004 2000 1174 2067 debebant.
1211 2002 1315 2066 Immo

168 2103 358 2170 vocabulum
380 2094 452 2182 στ’χὶ
473 2101 671 2166 contrarium
693 2101 779 2166 clare
801 2101 982 2185 significare
997 2103 1076 2168 mihi
1091 2105 1227 2184 videtur,
1248 2108 1315 2170 τῶν

169 2198 318 2293 εὐπόρων
340 2199 431 2281 τινας
452 2225 525 2269 oum
547 2203 685 2268 Hercule
707 2205 776 2286 ipso
798 2207 994 2290 comparari,
1032 2228 1169 2291 quocum
1196 2208 1313 2273 cotidie

168 2310 304 2394 parasiti
327 2307 507 2392 epulentur.
532 2343 571 2355 -
595 2306 760 2384 Quomodo
783 2310 883 2373 creati
905 2309 970 2373 sint
990 2311 1141 2394 parasiti,
1170 2316 1207 2376 nt
1229 2332 1313 2375 nunc

168 2411 426 2497 praetermittam
456 2409 537 2474 alios
567 2408 653 2473 locos
681 2410 854 2494 praecipue
882 2412 962 2495 legis
989 2414 1116 2496 regiae,
1154 2413 1314 2479 Diodorus

168 2535 232 2580 non
255 2513 365 2593 tradit,
389 2513 443 2578 sed
461 2511 693 2592 Demosthenis,
716 2534 811 2596 quem
827 2515 930 2596 attuli,
952 2516 1022 2580 loco
1041 2520 1067 2596 ¹)
1090 2522 1234 2600 apparet,
1257 2537 1314 2600 pa-

168 2636 268 2701 genos
289 2617 394 2699 ipsos,
429 2636 533 2698 neque
556 2635 630 2679 vero
658 2615 846 2680 archontem
868 2638 975 2700 regem
997 2618 1047 2682 vel
1070 2618 1241 2682 archontes
1264 2640 1314 2683 sa-

168 2739 295 2784 crorum
311 2720 339 2800 2)
369 2717 501 2801 elegisse
530 2717 699 2800 parasitos.
743 2720 938 2785 Vicissitudo
965 2741 1074 2784 annua
1100 2720 1214 2785 horum
1236 2742 1314 2804 quo·

169 2842 231 2907 que
251 2821 468 2903 parasitorum
497 2819 596 2885 dubia
624 2841 689 2884 non
711 2828 768 2885 est.
815 2822 867 2888 Sic
888 2824 986 2888 ceteri
1008 2822 1157 2888 Herculis
1178 2822 1313 2906 parasiti

169 2944 270 3007 aeque
293 2927 389 3007 atque
412 2924 450 3004 ei,
473 2925 528 3007 qui
550 2925 584 2988 in
608 2922 789 3008 Cynosarge
812 2931 905 2990 erant
926 2926 1055 2991 omnino
1078 2946 1136 3009 pro
1152 2926 1198 2990 eis
1213 2925 1314 2989 omni·

168 3026 237 3107 bus,
261 3026 376 3108 quibus
397 3026 544 3092 Herculis
566 3027 670 3091 cultus
692 3035 764 3091 erat
784 3028 1002 3108 celebrandus,
1025 3028 1085 3093 soli
1107 3034 1201 3092 erant
1221 3028 1314 3111 quasi

168 3128 299 3209 vicarii,
337 3130 393 3212 qui
415 3130 480 3194 suis
504 3130 662 3195 sumtibus
684 3131 793 3194 omnia
814 3147 873 3214 pro
895 3131 1028 3214 reliquis
1051 3136 1221 3209 curarent,
1258 3130 1313 3213 qui

168 3251 227 3316 pro
250 3232 397 3297 omnibus
418 3254 490 3297 cum
512 3234 677 3297 sacerdote
701 3253 792 3296 sacra
807 3233 1021 3312 instituerent,
1044 3234 1100 3317 qui
1115 3233 1312 3298 cotidianum

166 3334 265 3417 hujus
293 3334 345 3398 dei
374 3336 495 3399 cultum
519 3335 729 3400 celebrarent.
775 3336 940 3414 Quaenam
963 3337 1028 3400 alia
1050 3335 1154 3400 officia
1176 3336 1222 3400 eis
1243 3356 1313 3418 per-

166 3436 306 3504 ficienda
327 3436 456 3517 fuerint,
480 3459 544 3502 non
566 3442 702 3517 constat,
726 3438 781 3502 sed
803 3437 889 3522 quod
909 3438 978 3521 jam
1001 3439 1077 3518 dixi,
1100 3439 1241 3522 plurima
1262 3459 1312 3501 eo

169 3560 242 3606 rum
263 3537 447 3619 officiorum,
469 3560 553 3624 quae
574 3540 609 3603 in
631 3539 840 3624 inscriptione
862 3541 921 3606 illa
936 3563 1034 3625 supra
1050 3541 1152 3610 allata
1167 3540 1312 3606 archonti

166 3642 378 3721 tribuuntur,
414 3647 512 3706 antea
541 3642 757 3725 parasitorum
778 3643 876 3708 fuisse
898 3645 1089 3728 putaverim.
1133 3643 1197 3709 Sed
1218 3644 1312 3709 liceat

169 3765 209 3810 ea
228 3744 345 3822 verba,
383 3763 467 3828 quae
488 3743 552 3809 huc
573 3745 679 3809 facere
701 3745 779 3810 mihi
802 3746 993 3825 videantur,
1023 3745 1155 3811 afferre:
1196 3738 1310 3829 ἐπειδὴ

242 3973 263 4041 1)
299 3968 369 4044 πρὸς
386 3969 558 4038 Εὐβουλίδην
574 3990 602 4042 p.
617 3977 694 4027 1313.

240 4059 264 4129 ²)
299 4060 335 4114 cf.
353 4058 461 4114 Curtius
478 4060 605 4130 inscript.
624 4062 684 4115 XII.
703 4062 758 4115 1.1.
