2750 4575
624 169 660 227 ll

56 360 148 442 νοις)
173 356 229 422 alii
251 375 377 440 quoque
400 361 494 420 erant
516 376 678 421 sacrorum
701 356 822 422 scilicet
842 357 1043 442 publicorum
1064 359 1213 438 ministri,

56 462 120 545 qui
144 481 187 525 ex
208 464 327 523 natura
350 479 479 522 suorum
503 457 676 523 officiorum
699 480 757 544 per
778 465 881 524 totam
896 461 995 525 vitam
1010 461 1044 525 in
1058 467 1213 545 prytaneo

58 563 297 648 epulabantur.
349 561 411 640 Qui
442 561 640 626 vocabantur
668 555 810 628 αἐίσιτοι
838 563 895 648 (cl.
919 562 1033 628 Pollux
1061 564 1124 643 IX,
1153 568 1211 629 40:

60 666 269 749 πρυτανεῖον
294 660 350 726 καί
376 656 472 727 ἑστία
498 667 556 750 τῆς
584 659 734 745 πόλεως,
772 658 850 749 νεαρ)
878 653 904 750 ᾧ
932 661 1100 730 ἐσιτοῦντο
1122 665 1213 730 οἵτε

60 762 154 831 κατὰ
176 760 336 853 δημοσίαν
358 761 536 852 πρεσβείαν
556 761 688 853 ἥκοντες
709 763 765 831 καί
788 760 819 830 οἱ
842 763 897 831 διὰ
920 761 1040 853 πρᾶξίν
1062 790 1136 832 τινα
1158 788 1211 833 σι-

61 863 195 956 τήσεως
222 863 420 949 ἀξιωθέντες
454 865 521 931 καὶ
555 862 682 946 εἴτις
716 866 756 933 ἐκ
787 873 901 955 τιμῆς
930 862 1114 946 αἐίσιτος
1142 858 1208 955 ἦν).

60 972 180 1055 Neque
203 992 278 1036 vero
300 972 480 1055 putaverim
502 979 653 1056 prytanes
675 973 777 1055 ipsos,
799 993 873 1036 cum
894 972 1028 1054 singulis
1050 972 1212 1036 mensibus

60 1073 279 1152 decederent,
315 1066 479 1151 ἆεισίτσυς
507 1095 580 1141 εσσε,
598 1075 794 1153 nominatos,
832 1075 978 1157 quamvis
999 1095 1039 1138 ex
1061 1072 1212 1156 Hesychii

62 1175 174 1239 verbis
191 1178 235 1255 ¹):
273 1167 429 1241 ἅείσιτοι·
465 1170 483 1240 ὁ
517 1168 568 1262 ἐφ’
604 1169 725 1262 ἑκάστῃ
753 1169 857 1263 ἡμέρᾳ
888 1173 921 1241 ἐν
952 1178 1000 1261 τᾷ
1027 1170 1213 1261 πρυτανείῳ

64 1276 213 1342 δειπνῶν
229 1279 259 1359 2)
288 1279 437 1361 consequi
466 1278 545 1343 haec
573 1279 680 1362 opinio
711 1278 866 1342 videatur.
932 1279 1074 1357 Quarum
1105 1299 1212 1342 rerum

62 1379 339 1459 habitaremus,
362 1402 446 1446 nnnc
468 1385 517 1445 est
536 1380 726 1457 verisimile,
748 1380 833 1463 quod
855 1380 1047 1445 Plutarchus
1068 1379 1147 1444 dicit
1167 1384 1211 1462 (c.

66 1485 125 1560 24)
149 1481 296 1546 Solonem
318 1484 473 1562 vetuisse,
510 1504 551 1548 ne
582 1484 653 1566 quis
682 1483 753 1567 plns
780 1481 878 1546 semel
897 1482 1034 1565 publicis
1055 1481 1213 1547 sumtibus

66 1584 244 1648 coenaret?
286 1583 509 1660 Interdixisset
529 1584 688 1669 profecto,
719 1585 825 1668 inquit
846 1585 984 1649 Meierus
999 1588 1045 1663 3),
1076 1607 1115 1649 ne
1141 1584 1213 1668 quis

68 1684 210 1768 amplius
232 1686 329 1751 semel
350 1708 419 1750 rem
441 1707 478 1751 eo
501 1688 643 1770 praemio
666 1687 798 1770 dignam
820 1685 956 1765 faceret,
993 1688 1027 1752 id
1049 1686 1134 1771 quod
1156 1685 1212 1751 ab·

66 1808 183 1853 sonum
218 1794 311 1852 esset.
371 1789 633 1853 Westermannus
666 1810 792 1873 quoquo
827 1789 869 1853 ad
902 1788 1008 1854 locum
1036 1788 1212 1866 Plutarchi,
1309 1842 1311 1845 .

68 1889 229 1973 quomodo
252 1889 349 1954 verba
371 1890 410 1955 de
434 1890 495 1954 hac
517 1912 616 1956 coeno
638 1891 761 1975 possint
782 1890 920 1975 intelligi
935 1893 1045 1970 nescit,
1067 1897 1211 1956 attamen

69 1989 206 2056 alteram
229 1992 355 2058 Solonis
376 1993 479 2075 legem
501 1994 634 2077 (Athen.
658 1994 713 2072 lv,
742 2016 773 2078 p.
800 1999 857 2058 137
883 1994 924 2077 Ε)
952 2015 1025 2058 oum
1054 1993 1116 2058 hac
1137 2014 1211 2058 con·

64 2093 266 2178 jungendam
289 2115 357 2160 csse
378 2096 460 2160 miro
482 2096 577 2162 modo
599 2095 775 2161 contendit.
819 2096 930 2180 Neque
953 2095 1038 2180 quod
1053 2095 1211 2159 Herman-

69 2217 130 2261 nus
144 2198 172 2276 ⁴)
202 2196 296 2262 dicit:
335 2219 419 2277 „was
449 2199 501 2264 die
530 2199 705 2283 allerdings
727 2200 835 2265 weiter
864 2199 955 2264 nicht
975 2197 1212 2263 nachweisbare

68 2298 330 2384 besohrsnkung:
353 2297 412 2367 τὸν
434 2295 533 2368 αὐτὸν
553 2296 609 2367 κτὲ
631 2302 768 2382 betrifft,
790 2325 825 2369 so
848 2303 926 2367 wird
949 2302 1035 2366 diese
1056 2299 1115 2365 sui
1134 2300 1211 2365 aho-

69 2401 151 2467 licho
173 2408 225 2466 art
246 2424 356 2468 ausser
377 2404 512 2488 Uebung
534 2405 722 2489 gekommen
745 2406 823 2483 sein,
845 2406 902 2469 wie
925 2426 959 2469 es
981 2403 1048 2467 sich
1063 2402 1145 2468 auch
1161 2402 1214 2467 fiir

70 2504 121 2570 die
143 2504 226 2569 nach
248 2505 363 2571 Athen.
387 2507 442 2588 IV,
464 2514 484 2573 4
513 2507 702 2573 verordnete
724 2506 864 2573 sohmsle
886 2507 967 2571 Kost
989 2509 1212 2569 voraussetzen

70 2688 274 2698 ——u-

142 2810 162 2879 ι)
197 2811 218 2863 I.
236 2828 263 2880 p.
284 2813 342 2864 108.
828 2863 830 2867 ,

138 2898 160 2966 ²)
195 2899 228 2951 In
245 2897 433 2967 compluribus
451 2898 677 2967 inscriptionibus
697 2899 808 2953 Graecis
827 2895 943 2951 ἀείσιτον
959 2899 1145 2953 inveniuntur.
1176 2899 1213 2953 cf.

72 2985 99 3039 G.
117 2985 142 3040 J.
163 2986 195 3039 G.
214 3004 240 3039 n.
262 2988 407 3039 rso-201.
426 2987 486 3039 353.
505 3015 539 3023 —
566 2987 643 3040 Ross.
662 2987 767 3040 Demen
785 3004 811 3055 p.
831 2990 865 3040 39
882 2987 931 3039 ubi
949 2987 1050 3057 singuli
1066 2988 1211 3056 magistra·

71 3076 115 3126 tus
132 3074 176 3126 vel
193 3074 286 3142 potius
305 3091 445 3127 sacrorum
463 3073 584 3126 ministri
602 3074 788 3141 nominantur,
806 3073 900 3146 quiin
920 3091 1034 3127 numero
1052 3079 1132 3127 erant
1149 3076 1211 3127 aisi-

70 3165 168 3214 torum.
204 3161 278 3227 Quae
297 3162 351 3215 huc
368 3162 514 3215 referenda
532 3165 596 3213 sunt
613 3161 801 3229 inscriptionis
818 3161 903 3213 verba
921 3161 974 3213 hoc
991 3162 1073 3214 modo
1087 3178 1103 3212 a
1115 3162 1212 3215 Rossio

71 3250 234 3317 comparatis
251 3250 477 3318 inscriptionibus
495 3248 678 3302 Boeckhianis
698 3253 763 3301 sunt
781 3247 925 3301 restituta:

299 3375 437 3390 ......
450 3333 591 3406 mpura

298 3461 437 3477 ......
456 3419 630 3495 ἱερ]οφοίντης

299 3549 460 3565 .......
475 3509 627 3580 δ]ᾳδοῦχος

300 3637 464 3652 ·······
484 3594 637 3669 llsooxtovi

300 3724 438 3739 ······
463 3685 628 3756 galburno

299 3811 410 3825 .....
441 3768 596 3844 ντυρ]φόρος

72 3860 107 3915 cf.
124 3860 208 3913 etiam
225 3859 379 3913 Mommsen
397 3860 556 3929 Heortolog.
575 3878 602 3928 p.
622 3863 682 3916 234.
703 3862 762 3914 235.

137 3947 162 4014 3)
197 3947 256 4000 vita
272 3947 391 4014 Lycurg.
409 3946 427 3998 l.
445 3946 464 3997 l.

138 4034 161 4101 ⁴)
197 4032 524 4103 Stsatsalterth.§.127,
547 4037 588 4087 13.
