2750 4575
508 139 644 232 ‘ar

36 380 154 446 neque
187 362 342 428 nobilium
372 362 536 427 hominum
564 361 693 426 demum
714 360 844 426 luxuria
865 381 903 426 ac
924 358 1093 446 superbia,
1130 370 1196 445 qua

35 466 136 551 ipsos
158 465 236 530 deos
257 465 378 530 imitari
398 463 536 544 vellent,
573 469 660 529 ortos
683 484 761 528 esse.
811 462 967 528 Postremi
988 469 1097 529 tamen
1121 463 1196 528 Dio·

35 567 118 632 dori
142 588 254 632 versus
276 589 338 631 non
360 567 638 651 praetermittendi
660 572 744 645 sunt,
767 567 843 649 quia
865 586 936 630 oum
961 565 1083 649 eisqui
1106 573 1196 631 aute-

36 669 171 734 eedunt
199 670 377 753 comparati
403 670 571 734 certiorem
598 669 738 734 reddant
759 689 886 732 sensum
908 668 1061 751 priorum.
1106 670 1195 747 Quae

39 772 83 836 de
117 771 283 857 prioribus
312 772 462 856 parasitis
492 775 588 857 potita
610 770 701 836 nobis
723 770 844 849 tradit,
882 771 1027 835 veritatis
1057 770 1194 854 speciem

39 894 128 957 prae
152 894 187 937 se
209 873 332 953 ferunt,
368 875 424 939 sed
446 895 614 939 caveamus
636 894 763 938 necesse
785 878 850 951 est,
888 894 928 938 ne
951 871 1077 956 singula
1098 873 1195 937 verba

41 976 147 1040 nimis
176 997 359 1060 premamus
386 998 464 1042 neve
487 976 692 1042 artificiosius
715 996 812 1059 quam
833 977 940 1040 verius
962 976 1120 1042 nonnulla
1140 997 1194 1040 ex-

39 1079 210 1144 trieemus.
256 1080 301 1142 Ac
322 1079 462 1162 primum
484 1079 613 1163 quidem
635 1080 661 1143 si
683 1079 781 1144 verba
802 1080 1004 1163 respicimus:

178 1178 212 1245 ἐν
233 1176 342 1246 ἅπασι
364 1184 435 1258 τοῖς
456 1177 572 1269 δήμοις
591 1175 715 1257 θυσίας
737 1179 916 1269 ποιουμένη

178 1277 226 1360 εἰς
247 1280 307 1360 τὰς
328 1280 451 1362 θυσίας
472 1280 593 1362 ταύτας
614 1278 818 1370 παρασίτους
838 1287 886 1369 τῷ
907 1287 979 1370 θεῷ

181 1433 709 1451 .................
733 1385 901 1471 κατέλεγεν

43 1489 81 1553 id
103 1489 233 1572 agitur,
270 1495 378 1554 utrum
407 1490 440 1554 in
462 1490 609 1555 omnibus
630 1489 722 1572 pagis
743 1489 858 1554 Atticis
879 1509 922 1553 an
945 1488 979 1553 in
1001 1488 1192 1574 quibusdam

41 1591 184 1675 parasiti
212 1590 306 1657 electi
335 1592 409 1656 sint.
455 1591 663 1657 casaubonus
690 1597 723 1656 et
745 1592 868 1656 Potitus
893 1591 927 1657 id
949 1592 1191 1672 contenderunt,

43 1695 82 1757 in
109 1692 246 1775 singulis
272 1695 365 1778 pagis
394 1695 540 1760 omuibus
571 1693 735 1758 duodenos
763 1694 923 1778 parasitos
951 1695 1054 1759 creari
1084 1695 1193 1760 solitos

42 1817 126 1861 esse.
169 1795 214 1861 At
235 1796 361 1861 etiamsi
383 1797 619 1881 Harpocration
641 1796 721 1860 dicit
739 1801 785 1880 ¹),
821 1797 995 1880 compluria
1024 1798 1057 1862 in
1086 1798 1193 1861 Attica

42 1905 137 1964 terra
158 1898 317 1964 Heraclea
339 1900 508 1980 exstitisse,
531 1899 585 1963 rix
606 1897 694 1963 credi
716 1905 832 1983 potest,
855 1921 948 1965 suum
964 1919 1121 1983 quemque
1137 1919 1192 1984 pa·

44 2024 124 2086 gum
159 2001 308 2066 habuisse
338 2001 486 2066 Herculis
514 2001 680 2085 templum.
746 2001 808 2067 Ubi
839 2022 912 2066 vero
941 2002 1096 2086 templum
1127 2023 1191 2068 non

42 2110 119 2169 erat
143 2110 229 2169 certe
252 2104 420 2169 duodecim
442 2105 578 2188 parasiti
592 2105 771 2181 ⁴necessarii
793 2126 857 2169 non
881 2109 992 2182 erant,
1029 2123 1102 2169 enm
1131 2104 1193 2169 nisi

43 2209 81 2272 in
105 2207 232 2293 templis
255 2227 319 2271 non
340 2207 590 2273 sacrificabatur.
635 2208 796 2286 Quaeres
818 2228 891 2272 cum
913 2207 994 2272 nihil
1009 2207 1130 2272 valeret
1149 2205 1191 2271 ad

44 2310 92 2391 id,
115 2309 202 2394 quod
223 2314 319 2394 po'e'ta
339 2311 476 2395 probare
497 2311 614 2391 voluit,
637 2311 778 2376 liberiori
801 2311 909 2391 modo,
932 2311 1018 2394 quod
1039 2310 1192 2375 historico

46 2433 114 2478 non
136 2412 227 2478 licuit
248 2413 281 2477 in
303 2412 408 2496 majus
429 2434 497 2478 rem
519 2414 644 2477 extulit.
688 2414 800 2496 Neque
824 2435 844 2478 a
865 2415 1000 2479 veritate
1022 2412 1115 2495 longe
1136 2412 1191 2478 ab·

47 2514 179 2580 erravit.
223 2515 315 2596 Nam,
339 2515 425 2598 quod
446 2522 558 2599 postea
579 2516 697 2581 clarius
719 2517 817 2580 etiam
839 2517 972 2600 patebit,
995 2516 1025 2579 ei
1046 2516 1130 2600 pagi,
1157 2516 1191 2580 in

48 2615 164 2703 quibus
185 2618 307 2702 templa
328 2618 476 2683 Herculis
497 2624 605 2699 erant,
634 2639 706 2699 eos,
738 2620 794 2703 qui
815 2621 936 2684 circum
955 2639 989 2683 se
1010 2622 1117 2684 essent
1138 2618 1192 2683 siti

49 2720 229 2805 temploque
251 2726 414 2799 carerent,
451 2720 494 2785 ad
516 2742 717 2787 communem
740 2721 888 2787 Herculis
909 2721 1031 2787 cultum
1053 2705 1120 2787 sibi'
1136 2720 1192 2786 ad-

44 2824 234 2909 jungebant.
278 2823 381 2887 Erant
402 2825 501 2907 igitur
522 2824 692 2889 societates
714 2824 874 2908 quaedam
887 2843 1053 2911 pagorum,
1076 2825 1192 2909 quibus

47 2932 218 3010 praeerant
246 2926 454 3008 magistratus
485 2946 505 2990 a
534 2926 731 3008 singulorum
758 2947 914 3011 pagorum
943 2927 1057 2992 incolis
1079 2926 1189 2991 creati.

48 3028 118 3092 Hoc
137 3028 231 3092 modo
253 3048 362 3092 omnes
384 3028 459 3111 pagi
480 3026 709 3092 sacrificiorum
731 3033 825 3092 erant
845 3028 1033 3112 participes,
1064 3030 1191 3096 etiamsi

46 3132 81 3196 iu
102 3128 233 3212 singulis
254 3131 346 3213 pagis
368 3129 515 3194 omnibus
537 3127 695 3194 sacrificia
717 3149 779 3193 non
801 3130 1057 3195 instituerentur.
1102 3133 1192 3211 Quae

47 3233 175 3317 quidem
204 3253 256 3297 res
284 3253 304 3296 a
334 3232 473 3296 Diodoro
502 3230 671 3315 Sinopensi
702 3252 768 3295 non
797 3231 956 3310 traditur,
994 3255 1097 3317 neque
1127 3235 1190 3300 alio

47 3335 184 3419 quodam
206 3334 388 3399 testimonio
411 3333 569 3417 expressis
589 3333 694 3398 verbis
719 3335 894 3418 probatur,
932 3336 986 3400 sed
1015 3357 1056 3401 ne
1085 3336 1191 3401 dicam

47 3439 88 3503 de
109 3436 356 3522 amphiktyoniis
378 3435 526 3501 similiter
547 3437 725 3517 institutis,
762 3443 869 3502 exstat
897 3438 1063 3523 inscriptio
1092 3460 1189 3523 quae·

46 3543 130 3619 dam,
152 3561 217 3622 qua
239 3560 312 3604 cum
334 3538 485 3622 Sauppio,
507 3540 574 3603 viro
597 3538 781 3604 doctissimo
799 3542 839 3624 ²),
866 3563 925 3624 pro
947 3562 1020 3605 mea
1041 3542 1190 3626 opinione

45 3644 94 3709 uti
114 3641 278 3707 voluerim.
323 3639 480 3705 Docemur
502 3640 563 3705 hac
584 3642 793 3726 inscriptione
805 3645 843 3723 ³),
868 3643 1074 3726 Polyeuctum
1090 3665 1189 3727 quen·
1210 3699 1212 3704 .

45 3800 248 3817 ...--——

116 3879 135 3948 Ι)
169 3896 197 3948 p.
218 3880 277 3932 139.
294 3895 321 3932 v.
339 3873 491 3949 Ἡράκλεια.

114 3967 136 4034 ²)
172 3965 318 4018 ienaische
335 3965 589 4036 Literaturzeitnng
611 3968 687 4021 1845.
723 3967 772 4020 Nr.
791 3970 835 4021 60.
870 3985 897 4036 p.
916 3970 977 4023 238.

112 4055 135 4122 ³)
169 4052 204 4106 cf.
224 4052 334 4106 Curtius
352 4053 480 4122 Inscript.
493 4054 579 4108 Attio.
597 4071 686 4124 nuper
704 4057 806 4124 repert.
825 4056 887 4109 XII.
914 4055 1005 4112 Berol.
1025 4061 1103 4115 1843.
1120 4076 1148 4129 p.
1162 4063 1187 4114 3.
