2750 4575
724 151 763 212 12

173 339 284 419 liisst“,
313 338 381 404 ullo
410 339 506 405 modo
528 337 767 404 Westermanui
789 339 970 423 opinionem
991 339 1105 406 fulcire
1127 341 1207 407 mihi
1229 342 1335 408 vide-

172 447 235 508 tur.
281 442 387 509 Causa
408 443 494 507 enim
521 461 584 505 non
611 441 821 525 intelligitur,
858 463 917 506 cur
942 443 1070 527 saepius
1098 444 1131 508 iu
1158 450 1336 528 prytaneo

172 564 309 611 coenare
331 545 433 610 eidem
457 565 521 609 nou
543 544 680 622 licuerit,
704 565 743 609 ea
764 565 849 623 vero,
871 565 968 628 quam
991 543 1086 610 affert
1107 546 1336 613 Plutarchus:

171 643 210 714 τὸ
231 645 292 732 μὲν
313 642 490 736 ἡγούμενος
510 641 717 727 πλεονεξίαν,
740 647 818 730 quin
840 647 971 730 exlege
992 646 1064 732 ipsa
1082 669 1146 712 non
1167 648 1337 714 desumta

172 750 223 830 sit,
245 751 301 816 sed
325 748 497 815 Plutarcho
522 748 677 815 debeatur
698 750 769 833 ipsi,
791 749 924 815 dubium
946 770 1015 815 esse
1037 751 1158 833 nequit.
1204 751 1334 836 Neque

171 851 252 919 haec
272 853 342 917 sola
362 873 414 916 res
435 850 592 936 prohibet,
615 852 785 935 quominus
806 852 845 917 de
868 859 1023 934 prytaneo
1045 853 1231 934 cogitemus.
1360 844 1361 869 ¹

257 955 357 1020 Porro
379 954 466 1020 euim
486 954 567 1037 legis
587 954 689 1038 ipsius
711 954 826 1019 verba:
854 943 1034 1040 ᾦκαθήκῃ
1056 953 1193 1019 officium
1216 957 1332 1039 quod·
1360 938 1362 999 ?

172 1059 257 1137 dam,
279 1077 383 1141 neque
406 1076 480 1121 vero
503 1056 665 1121 licentiam
689 1057 887 1140 exprimunt,
910 1056 1025 1121 deindo
1047 1077 1140 1122 nemo
1162 1057 1224 1122 sibi
1247 1080 1331 1143 per·
1360 1046 1361 1095 l

171 1160 328 1238 suadebit,
351 1158 514 1243 publicum
536 1158 627 1223 illum
651 1158 804 1224 honorem
827 1163 894 1223 tam
916 1179 1011 1243 saepe
1032 1179 1100 1223 esse
1121 1167 1328 1242 recusatum,

171 1269 210 1329 ut
229 1262 395 1346 legislator
416 1281 553 1345 poenam
574 1262 719 1327 minitari
741 1268 871 1326 coactus
890 1266 974 1325 esset
995 1261 1051 1340 eis,
1073 1262 1129 1344 qui
1150 1263 1197 1327 rsi
1211 1263 1329 1347 publi·

171 1386 228 1432 cae
258 1369 446 1449 spernerent
476 1363 568 1428 dona.
613 1362 676 1431 Sed
705 1364 790 1447 quod
817 1362 905 1427 haud
933 1363 1066 1428 minime
1087 1363 1174 1428 valet
1200 1371 1328 1431 contra
1360 1294 1362 1443 l

171 1466 409 1534 Westermanni
430 1470 464 1530 et
484 1465 663 1529 Hermanui
684 1465 866 1549 opinionem
889 1469 952 1543 est,
982 1466 1067 1548 quod
1090 1466 1223 1531 verbum
1246 1489 1326 1532 πα-

171 1571 316 1658 ρασιτεῖν
346 1566 435 1632 nullo
464 1568 578 1647 modo,
615 1572 652 1632 ut
675 1566 867 1632 Plutarchus
889 1567 1076 1646 contendit,
1110 1568 1245 1651 proprie
1280 1571 1325 1636 ds

170 1672 298 1758 publice
321 1671 353 1734 in
375 1674 531 1754 prytaneo
553 1669 720 1735 instructis
741 1669 846 1752 epulis
868 1674 1094 1754 usurparetur;
1121 1691 1225 1754 neque
1249 1673 1325 1737 ullo

171 1781 315 1857 tempore
337 1772 489 1837 convivae
511 1772 565 1836 isti
587 1772 707 1856 publici
729 1768 910 1856 παράσιτοι
931 1773 1090 1837 nominati
1110 1778 1205 1851 sunt,
1238 1795 1323 1839 nam
1360 1790 1361 1795 ’

171 1875 259 1960 quod
281 1873 456 1939 Clearchus
479 1873 619 1940 Solensis
638 1878 664 1956 1)
686 1874 781 1939 dicit:
819 1871 854 1939 ἕν
884 1877 961 1958 γοῦν
986 1877 1058 1952 τοῖς
1079 1875 1238 1954 παλαιοῖς
1260 1873 1324 1942 νό-
1360 1912 1362 1947 r

170 1999 248 2061 μοις
268 1969 303 2041 ui
325 1976 483 2042 πλεῖσται
504 1978 569 2060 τῶν
591 1973 721 2042 πόλεων
752 1971 804 2043 ἔτι
830 1975 866 2042 δὲ
895 1972 951 2040 καὶ
978 1972 1116 2064 τήμερον
1134 1981 1207 2056 τοῖς
1226 1975 1323 2046 ἐντι-

171 2075 331 2163 μοτάταις
352 2070 466 2165 ἀρχαῖς
487 2077 762 2164 συγκαταλέγουσι
783 2074 988 2164 παρασίτους
1010 2078 1059 2144 vel
1084 2101 1156 2144 eam
1177 2081 1217 2146 ob
1239 2102 1322 2147 cau·

172 2203 241 2250 sam
263 2181 449 2246 Hermanno
471 2181 590 2248 auxilio
612 2204 677 2248 uon
700 2186 765 2259 est,
801 2184 877 2265 quia
899 2183 939 2246 de
959 2182 1112 2265 parasitis
1133 2183 1247 2246 mentis
1272 2184 1323 2250 lo·

172 2290 291 2371 quatur
314 2282 504 2362 Clearchus,
538 2284 731 2351 Plutarchus
752 2291 861 2350 autem
884 2306 956 2349 cum
978 2284 1078 2350 miras
1099 2285 1179 2350 istas
1201 2284 1324 2370 adjun-

172 2392 263 2474 geret
291 2408 406 2452 causas
434 2386 474 2451 de
496 2387 679 2453 hominibus
700 2386 804 2472 epulis
825 2387 963 2471 publicis
985 2387 1117 2453 honoris
1140 2407 1238 2453 causa
1260 2389 1323 2454 do-

171 2491 258 2557 natis
287 2489 485 2573 cogitaverit.
536 2490 710 2556 Praeterea
731 2489 868 2555 Athenis
895 2490 1055 2575 parasitos
1082 2490 1125 2555 ad
1154 2491 1323 2557 ornandos

173 2594 266 2678 quasi
287 2591 496 2676 magistratus
510 2599 635 2658 creatos
650 2593 812 2657 exstitisse
827 2594 958 2658 omnino
973 2613 1038 2658 nou
1059 2597 1196 2672 constat,
1217 2592 1322 2659 immo

171 2693 354 2778 negandum
375 2713 444 2758 esse
465 2694 602 2760 videtur.
647 2694 765 2760 Moeris
787 2700 917 2774 autem,
955 2695 1011 2778 qui
1038 2699 1169 2778 praeter
1190 2694 1322 2760 Plutar-

171 2797 268 2863 chum
289 2794 479 2860 vocabulum
501 2792 687 2881 παράσιτος
714 2796 775 2862 hoc
802 2818 899 2861 seusu
920 2797 1106 2881 usurpavit,
1143 2795 1323 2863 Plutarcho

171 2899 241 2983 ipso
262 2896 399 2963 tortasse
421 2902 551 2962 auctore
574 2920 650 2965 usus
672 2904 730 2964 est.
775 2899 897 2978 Quibus
918 2899 1024 2962 causis
1044 2898 1153 2964 allatis
1169 2900 1248 2964 satis
1264 2900 1322 2965 de-

172 3004 368 3065 monstrasse
390 2999 470 3063 mihi
491 3000 610 3081 videor,
633 3001 716 3067 falso
731 3000 940 3066 Plutarchum
962 3000 1047 3066 hauc
1068 3000 1171 3084 legem
1187 2999 1225 3064 de
1242 3021 1323 3083 epu-

171 3104 213 3169 lis
234 3104 268 3168 in
290 3108 446 3187 prytaneo
462 3103 707 3170 Atheniensium
723 3104 918 3188 comparatis
933 3103 1181 3187 interpretatum
1198 3122 1266 3166 esse
1279 3106 1320 3182 2).

172 3208 241 3286 Quo
264 3205 363 3289 igitur
385 3205 555 3271 referenda
578 3213 627 3272 est
648 3208 724 3272 lex?
766 3207 906 3271 Meierus
927 3212 1032 3289 putat,
1055 3206 1161 3289 ipsum
1182 3203 1320 3268 vocabu-

170 3309 237 3374 lum
260 3309 459 3393 παρασιτεῖν
480 3310 674 3374 mentionem
699 3309 831 3392 injicere
854 3308 1080 3392 parasitorum.
1126 3306 1203 3384 Sed,
1231 3306 1320 3390 quod

170 3411 239 3496 jam
271 3429 370 3494 supra
398 3411 594 3490 memoravi,
630 3412 828 3498 παρασιτεῖν
857 3411 893 3475 iu
927 3410 1110 3475 universum
1139 3408 1317 3493 significat:

174 3624 378 3637 ....-..·---·—-

244 3780 265 3848 l)
301 3795 345 3849 ap.
365 3777 467 3832 Athen.
484 3776 523 3832 VI
540 3793 568 3846 p.
585 3777 636 3831 235
654 3776 694 3830 A:
722 3774 752 3829 tn
769 3779 808 3845 τῷ
824 3771 924 3845 πρώτῳ
941 3778 997 3828 τῶν
1013 3778 1089 3843 βίον.

242 3868 264 3934 ²)
299 3865 465 3922 Plutarchus
482 3864 541 3934 ipse
560 3863 595 3919 de
612 3862 665 3919 hac
682 3865 840 3919 revidetur
858 3864 1012 3933 dubitasse,
1036 3863 1084 3933 qni
1100 3863 1187 3917 verba
1204 3864 1321 3918 adderet

173 3954 204 4010 τὸ
221 3955 275 4027 μὲν
291 3949 445 4025 ἡγούμενος
463 3982 490 3992 -
513 3955 569 4004 τῶν
585 3955 700 4013 κοινῶν,
731 3955 764 4006 ut
782 3953 974 4021 aliquomodo
999 3969 1065 4006 suae
1081 3952 1318 4019 interpretationis

172 4042 387 4113 discrepantiam
403 4040 530 4095 solveret.
