2750 4575
614 207 652 264 41

63 411 127 454 non
149 391 346 473 cogitavisse.
391 390 504 455 Dicere
526 392 612 455 euim
634 391 718 468 vult,
751 389 865 453 Delum
895 395 1027 472 propter
1049 388 1206 473 Apollinis

60 492 218 576 templum
251 494 519 577 spectatissimum
549 499 656 557 tantas
686 493 815 557 divitias
848 491 1038 556 confluxisse
1064 492 1205 575 undique

62 600 161 678 atque
184 596 351 675 confluere,
373 603 410 659 ut
432 597 577 660 omnibus
592 596 687 660 rebus
703 595 787 658 Delii
803 594 1014 667 abundarent,
1037 595 1092 676 qni
1115 594 1206 677 quasi

60 699 96 762 in
122 698 193 781 ipsa
222 719 321 761 coena
351 698 402 762 dei
430 698 645 781 epularentur.
691 699 797 776 Quare
826 717 884 778 ego
907 697 952 759 sic
977 696 1205 780 judicaverim:

61 801 202 864 Parasiti
224 800 369 864 Herculis
397 802 492 883 primi
520 802 662 864 omnium
690 800 943 865 instituebantur
964 805 997 863 et
1019 820 1038 862 a
1060 819 1207 883 παρασι-

60 905 133 967 τεῖν
155 911 210 979 (sc.
235 906 282 988 τῷ
301 897 466 987 Ἡρακλεῖ)
491 924 606 968 nomen
623 909 823 986 acceperunt.
869 903 1010 966 Transiit
1024 909 1136 985 postea
1151 920 1207 964 no-

60 1027 136 1069 men
158 1006 200 1070 ad
222 1026 291 1084 eos,
313 1007 368 1088 qui
391 1008 424 1070 in
447 1007 631 1070 universum
653 1006 722 1070 loco
745 1005 887 1070 omnium
910 1005 1025 1087 quibus
1047 1009 1136 1067 certa
1157 1024 1207 1066 sa-

60 1130 119 1172 cra
142 1114 235 1173 erant
254 1108 480 1187 sacrificanda,
510 1108 691 1172 sacerdotes
718 1109 752 1171 iu
774 1108 873 1172 sacris
894 1107 1053 1170 faciundis
1075 1106 1208 1188 adjuva-

59 1216 151 1291 rent,
174 1212 223 1275 vel
246 1210 311 1275 alia
334 1212 495 1275 societatis
518 1212 685 1293 eujusdam
706 1231 816 1274 sacrae
839 1210 942 1274 officia
964 1230 1056 1273 sacra
1077 1207 1207 1293 perfice-

58 1319 148 1378 rent.
192 1313 316 1396 ltaque,
339 1334 418 1395 quos
440 1333 547 1377 sacros
569 1314 803 1377 nominavimus
826 1313 995 1396 parasitos
1018 1333 1082 1375 non
1099 1331 1208 1375 omues

58 1420 140 1481 sunt
161 1416 287 1498 generis
309 1416 460 1499 ejusdem.
506 1418 552 1479 Ac
573 1438 614 1480 ne
635 1415 714 1480 illud
736 1416 864 1498 quidem
887 1416 970 1479 sacri
984 1414 1138 1478 frumeuti
1154 1414 1209 1477 de·

56 1519 183 1600 ligendi
204 1517 342 1582 officium
364 1518 511 1584 omnibus
532 1519 684 1602 parasitis
706 1539 873 1582 commune
896 1523 975 1580 erat.
1020 1516 1103 1579 Nam
1125 1536 1208 1599 quae

56 1620 179 1685 Pollux
197 1623 222 1695 ¹)
245 1625 278 1684 et
300 1620 433 1684 Photius
450 1623 476 1701 2)
508 1621 548 1685 de
574 1620 725 1703 parasitis
748 1620 896 1684 omnibus
918 1619 1063 1697 tradunt,
1086 1640 1126 1683 ex
1148 1620 1209 1684 eis·

56 1723 136 1787 dem
158 1721 237 1804 legis
258 1722 365 1804 regiae
387 1723 576 1806 fragmentis
599 1723 746 1786 desumta
768 1743 835 1786 esse
856 1722 1014 1807 videntur,
1038 1736 1120 1805 quae
1141 1742 1208 1786 rno-

56 1826 102 1890 do
125 1826 354 1905 tractavimus,
392 1847 457 1890 non
480 1832 555 1890 sunt
577 1825 676 1908 igitur
699 1825 830 1908 majoris
852 1824 1073 1903 auctoritatis,
1111 1845 1208 1907 quarn

54 1929 133 2012 ipsa
154 1926 235 1991 haec
256 1926 453 2008 fragmenta,
489 1949 571 2011 quae
594 1927 633 1991 de
657 1927 769 1991 diebus
792 1928 983 2010 quibusdam
1005 1927 1209 1993 sollemnibus

55 2030 220 2094 Acharnis
241 2029 399 2095 celebrari
420 2031 523 2095 solitis
544 2030 751 2113 intelligenda
772 2049 850 2109 esse,
873 2050 976 2112 neque
998 2051 1073 2094 vero
1095 2030 1137 2095 ad
1152 2051 1207 2116 pa-

54 2133 179 2198 rasitos
201 2132 233 2194 in
256 2133 438 2196 universum
460 2135 621 2216 pertinere
645 2133 943 2197 demonstravimus.

148 2234 266 2299 Mirum
289 2236 388 2299 videri
411 2240 526 2319 potest,
549 2236 643 2321 qnod,
666 2257 738 2300 curn
762 2234 881 2300 archon
902 2255 961 2299 rex
982 2237 1016 2301 in
1038 2237 1109 2321 ipsa
1130 2236 1208 2303 urbe

54 2337 171 2403 sedem
192 2337 336 2416 haberet,
359 2359 441 2421 quae
463 2339 493 2403 ei
514 2338 752 2422 imperarentur
772 2340 833 2403 hac
856 2337 925 2422 lege
947 2340 990 2403 ad
1011 2341 1122 2404 urbem
1146 2362 1209 2405 uon

53 2441 270 2526 pertinerent.
315 2439 378 2504 Sed
408 2440 527 2504 archon
557 2462 615 2505 rex
643 2442 743 2505 totius
766 2442 891 2506 Atticae
913 2448 1019 2507 terrae
1041 2463 1134 2506 sacra
1156 2442 1210 2508 ob·

55 2543 231 2622 servabat,
267 2541 329 2606 hac
357 2543 391 2606 in
422 2563 456 2607 re
478 2544 578 2625 igitur
599 2543 826 2608 offendendum
848 2566 913 2609 uon
935 2551 994 2609 est.
1038 2546 1211 2610 Praeterea

55 2666 147 2730 quae
168 2646 272 2729 prima
295 2644 391 2709 attuli
413 2646 529 2710 verba:
553 2642 792 2727 ἐπιμελεῖσθαι
815 2695 897 2710 ....
921 2646 1125 2733 γεγραμμένα
1145 2670 1210 2713 non

54 2748 233 2814 minusad
257 2768 351 2830 agros
374 2748 535 2830 quemad
558 2748 670 2812 urbem
692 2751 865 2833 pertinent,
889 2770 993 2833 neque
1015 2750 1211 2816 monendum

54 2857 110 2918 est
132 2872 233 2934 pagos
254 2870 413 2932 nusquam
435 2851 482 2914 ita
504 2852 672 2931 nominari,
695 2857 732 2915 ut
753 2851 826 2916 urbi
849 2853 914 2917 sint
936 2854 1082 2937 oppositi.
1129 2853 1211 2919 Con·

54 2960 129 3021 stat
150 2955 255 3032 enim,
289 2953 331 3017 ab
353 2952 432 3017 urbe
454 2954 524 3036 ipsa
544 2975 700 3037 pagorum
722 2955 909 3019 divisionem
931 2954 979 3019 ita
1000 2957 1135 3037 exiisse,
1174 2962 1212 3022 ut

53 3057 151 3123 urbis
173 3056 319 3139 singulae
340 3060 449 3140 partes
471 3056 517 3118 eis
539 3056 630 3139 pagis
651 3062 758 3120 essent
779 3056 964 3137 attributae,
988 3060 1043 3140 qui
1065 3060 1210 3142 proxime

54 3162 148 3226 cirea
171 3159 283 3224 urbem
302 3157 450 3241 jacerent
461 3159 501 3237 3).
547 3157 609 3221 Sed
631 3156 761 3222 aliunde
783 3178 908 3242 quoque
931 3160 1116 3224 testimonia
1137 3182 1209 3245 pos·

54 3266 139 3329 sunt
161 3259 289 3340 afferri,
324 3259 426 3344 legem
447 3259 569 3343 regiam
591 3282 654 3325 nou
677 3249 782 3325 solum
803 3261 842 3326 de
864 3261 965 3345 ipsius
987 3262 1075 3328 urbis
1098 3264 1210 3330 diebus

55 3492 268 3506 ,.....----

134 3654 156 3719 ¹)
190 3653 237 3720 VI,
257 3655 292 3706 34
312 3690 317 3703 .
337 3692 343 3703 .
363 3691 368 3703 .
389 3692 395 3704 .
413 3647 428 3702 ὁ
449 3651 498 3703 rut
516 3645 566 3715 τὴν
583 3654 633 3702 τοῦ
651 3652 726 3721 ἱεροῦ
744 3655 823 3703 σίτου
841 3650 957 3722 ἐκλογὴν
974 3652 1143 3725 α1ρούμενος’
1163 3659 1211 3708 καὶ

53 3736 176 3811 ἀρχεῖόν
193 3758 220 3791 τι
232 3733 363 3809 Ἀθήνῃσι
381 3742 547 3809 παρασίτιον
559 3735 737 3810 καλούμενον,
757 3735 799 3799 ὡς
815 3740 850 3793 ἰν
867 3745 910 3810 τῷ
926 3736 1020 3812 νόμῳ
1037 3746 1097 3795 τοῦ
1114 3748 1211 3811 βασι-

52 3832 144 3887 λέως
162 3827 263 3881 ἔστιν
281 3821 401 3896 εὑρεῖν.

131 3915 154 3984 2)
191 3915 234 3968 ed.
251 3913 356 3967 Porsen
373 3930 401 3981 p.
420 3915 480 3967 389.
505 3911 665 3982 παράσιτοι·
691 3916 719 3966 οἱ
735 3914 784 3967 ἐπὶ
801 3910 851 3981 τὴν
869 3918 919 3968 τοῦ
937 3919 1015 3967 σίτου
1032 3912 1149 3987 ἐκλογὴν
1165 3919 1210 3971 at-

54 3999 200 4077 ροῦμενοι·
220 4005 331 4053 κεῖται
348 3996 364 4065 ἡ
383 4000 471 4059 λέξις
489 4000 525 4054 ἰν
542 4004 585 4069 τῷ
602 4003 771 4068 βασιλέως
787 3998 886 4073 νόμῳ.

132 4091 155 4158 3)
192 4089 229 4145 cf.
248 4087 357 4157 Sauppe
374 4088 409 4142 de
426 4088 513 4142 demis
531 4090 643 4143 urbanis
662 4108 689 4159 p.
705 4092 746 4145 13.
