2750 4575
696 223 737 283 49

144 410 236 474 nimis
264 409 357 493 longe
385 409 511 475 abesset
540 431 559 474 a
588 411 722 478 buculeo
753 413 958 496 (βουκολεῖον
988 421 1021 479 et
1041 410 1198 507 βουκολία
1222 438 1284 479 uon

144 511 296 576 discernit
304 513 326 595 ί)
348 512 487 576 vicinum
510 512 606 578 suisse
628 521 784 598 prytaneo
807 523 909 599 putat.
957 518 1099 600 Denique
1116 517 1287 581 Dioscuros

144 634 207 677 non
230 614 324 677 modo
346 616 379 677 in
403 617 547 693 Anaceo,
585 616 760 680 sedetiam
784 619 816 681 in
839 626 995 702 prytaneo
1017 619 1194 683 celebratos
1218 641 1286 682 esse

144 714 230 781 dicit.
289 716 397 780 Nimia
429 717 572 800 profecto
607 740 751 782 errorum
785 720 975 784 cumulatio!
1036 720 1169 784 Ostendi
1202 722 1287 784 enim

143 817 311 882 archontes
332 817 418 882 illius
440 819 656 902 inscriptionis
679 822 876 886 Pellenensis
898 843 960 885 nou
983 820 1089 897 fuisse,
1114 823 1168 904 qui
1191 821 1286 905 vulgo

143 918 332 984 dicebantur
354 922 523 984 archontes
546 920 797 986 Atheniensium.
843 924 926 987 Nam
955 923 988 986 hi
1018 924 1158 987 universi
1180 946 1286 988 sacro·

143 1043 213 1086 rum
236 1043 345 1086 curam
369 1022 531 1086 habebant
553 1022 689 1101 nullam,
712 1047 814 1107 neque
837 1046 909 1088 cum
931 1025 1082 1108 parasitis
1104 1026 1169 1089 ullo
1192 1027 1286 1091 modo

144 1124 305 1207 conjuncti
330 1131 431 1188 erant.
478 1125 600 1207 Singuli
628 1132 735 1189 autem
759 1126 862 1195 cultus
885 1147 904 1190 a
926 1147 1000 1208 rege
1023 1125 1285 1192 observabantur.

143 1225 214 1290 Una
237 1247 315 1309 prae
338 1228 451 1290 ceteris
473 1227 584 1308 religio
606 1227 735 1311 publica
759 1228 1031 1309 (Staatsreligion)
1062 1251 1126 1292 non
1156 1230 1287 1292 exsista-
1339 1305 1341 1307 ¹

142 1326 206 1392 bat.
236 1327 317 1391 Tum
328 1349 378 1391 me
394 1328 575 1412 probavisse
592 1330 770 1412 putaverim
788 1351 895 1394 vocem
910 1322 1074 1416 Ἀθήνῃσι
1090 1353 1152 1396 σου
1169 1331 1287 1414 ubique

143 1429 182 1492 de
205 1430 273 1494 sola
295 1430 373 1494 urbe
398 1430 595 1495 Athenarum
617 1430 858 1512 intelligendam
885 1453 973 1510 esse,
1010 1433 1073 1496 isto
1103 1454 1176 1497 vero
1206 1432 1286 1512 loco,

142 1553 204 1615 quo
227 1532 266 1595 de
288 1520 448 1596 mentione
472 1533 635 1596 Minervae
658 1533 857 1597 Pellenensis
886 1555 949 1597 non
979 1534 1080 1616 possit
1107 1534 1286 1598 necessario

142 1639 245 1697 totam
269 1642 389 1698 terram
412 1635 553 1698 Atticam
575 1633 764 1716 significare.
810 1636 907 1699 Recte
930 1636 963 1698 ni
986 1634 1082 1699 fallor
1104 1636 1171 1699 dixi
1194 1657 1287 1700 voces

141 1730 298 1818 βουκολία
329 1742 361 1801 et
389 1736 578 1820 βουκολεῖον
608 1734 647 1799 de
677 1758 743 1799 una
772 1737 947 1820 eademque
977 1758 1011 1800 re
1040 1759 1105 1800 uon
1127 1737 1285 1820 usurpari.

143 1840 245 1917 Quam
276 1839 315 1903 ob
347 1860 415 1901 rem
443 1839 521 1903 haec
551 1859 677 1920 quoque
709 1859 805 1902 causa
835 1860 892 1902 cur
914 1834 1131 1925 παρασίτειον
1159 1839 1193 1902 in
1216 1839 1287 1922 ipsa

141 1940 220 2005 urbe
244 1941 341 2003 situm
357 1939 453 2004 fuisse
469 1939 596 2004 credere
612 1961 772 2021 cogamur,
796 1941 842 2003 nil
863 1941 958 2005 valet.
1003 1942 1046 2004 At
1067 1945 1178 2020 restat,
1201 1941 1285 2023 quod

142 2042 255 2106 ultimo
277 2042 351 2106 loco'
369 2042 572 2106 Petersenius
594 2043 762 2125 proponit,
794 2043 942 2126 quodque
965 2042 1006 2105 ad
1030 2043 1193 2107 Anaceum
1215 2064 1286 2127 per-

142 2147 233 2223 tinet,
257 2149 289 2208 et
311 2143 438 2208 videtur
460 2143 602 2227 profecto
626 2144 715 2207 locus
739 2165 834 2226 quem
856 2165 914 2227 pro
937 2164 995 2207 sua
1017 2146 1176 2208 sententia
1191 2143 1286 2208 affert

142 2246 299 2330 ejusmodi
328 2247 450 2331 aliquid
481 2247 602 2311 docere.
648 2246 742 2329 Apud
766 2246 967 2310 Athenaeum
986 2250 1011 2325 ¹)
1040 2247 1124 2311 enim
1151 2246 1286 2331 legimus

143 2349 239 2413 haec:
267 2342 285 2412 ὁ
309 2346 345 2413 δέ
366 2343 443 2424 τοίς
465 2342 511 2424 εἷς
533 2343 698 2434 Χιωνίδην
721 2340 981 2435 ἀναφερομένους
1001 2345 1161 2429 Πτωχοὺς
1182 2344 1283 2435 ποιή·

144 2474 204 2530 σας
237 2446 313 2527 τοὺς
340 2442 533 2536 Ἀθηναίους
561 2446 678 2536 φησίν,
724 2446 804 2514 ὅταν
832 2453 920 2527 τοῖς
946 2447 1219 2536 Διοσκούροις
1247 2448 1285 2515 ἐν
1327 2525 1329 2528 ,

142 2548 375 2639 Πρυτανείῳ
396 2545 529 2636 ίίριστον
551 2555 791 2635 προτιθῶνται,
815 2549 875 2616 ἐπὶ
889 2557 954 2616 τῶν
970 2551 1139 2639 τραπεζῶν
1153 2550 1285 2617 τιθέναι

142 2652 237 2740 τυρὸν
258 2652 314 2719 καί
336 2650 479 2742 φυστὴν,
518 2654 689 2738 δρυπετεῖς
717 2647 745 2719 τ’
768 2650 866 2731 ἐλαίας
888 2651 943 2719 καὶ
964 2651 1078 2740 προίσα
1098 2649 1285 2742 ὑπόμνησιν

142 2755 360 2839 ποιουμένους
391 2760 449 2844 τῆς
476 2749 611 2840 ἀρχαίας
640 2751 775 2845 ἀγωγῆς.
842 2757 888 2820 De
920 2758 1073 2824 vocabulo
1102 2751 1286 2842 πρυτανείῳ

141 2862 327 2944 conjectura
350 2859 579 2923 mutandomix
601 2861 825 2943 cogitaverim,
866 2860 921 2923 sed
951 2881 1008 2923 cur
1037 2860 1182 2923 Dioscuri
1212 2880 1283 2923 cum

140 2971 297 3047 prytaneo
322 2961 484 3043 conjuncti
499 2960 628 3040 fuerint,
651 2962 683 3025 in
700 2968 865 3044 prytane0,
889 2962 1005 3025 Vestae
1022 2962 1104 3040 sede,
1127 2961 1205 3025 culti
1221 2962 1286 3025 sint

141 3086 272 3129 causam
295 3063 385 3127 video
409 3062 538 3125 nullam.
589 3063 673 3141 Quid
696 3065 795 3146 igitur
818 3062 1022 3127 faciendum?
1066 3063 1189 3127 Scimus
1210 3062 1285 3128 Dio·

140 3189 250 3233 scuros
273 3164 427 3248 templum
450 3164 599 3229 habuisse
622 3166 801 3245 Anaceum,
825 3187 919 3248 porro
942 3166 1058 3228 scimus
1081 3166 1285 3229 Anaceuma

139 3276 296 3353 prytaneo
319 3267 405 3330 haud
427 3265 518 3349 longe
542 3265 698 3345 abfuisse;
729 3267 937 3330 nominantur
959 3267 991 3329 in
1016 3268 1141 3331 Anaceo
1163 3270 1285 3350 parasi-

139 3373 180 3452 ti;
204 3390 311 3435 noune
333 3369 503 3432 verisimile
527 3375 583 3447 est,
606 3369 744 3451 prandia
766 3370 829 3432 ista
849 3369 880 3432 in
897 3369 967 3451 ipso
984 3370 1111 3431 Anaceo
1127 3369 1285 3433 instructa

139 3493 208 3537 esse
231 3471 394 3535 Dioscuris
416 3471 671 3553 mentionemque
694 3471 842 3553 prytanei
864 3492 920 3554 pro
938 3472 1064 3533 Anaceo
1086 3470 1186 3534 errori
1210 3472 1285 3535 scri·

138 3574 242 3657 ptoris
264 3572 394 3636 deberi?
438 3573 571 3655 Quoquo
601 3572 696 3637 modo
726 3594 776 3636 res
807 3570 979 3648 sehabet,
1017 3570 1179 3636 Dioscuris
1208 3573 1285 3655 ipsis

138 3674 353 3739 certissimum
377 3681 434 3753 est,
457 3674 641 3738 constitutis
663 3674 870 3756 temporibus,
893 3672 1029 3737 fortasse
1051 3673 1168 3736 cotidie
1190 3694 1284 3755 pran-

139 3776 194 3842 dia
226 3795 294 3839 esse
323 3782 458 3858 parata,
495 3777 655 3859 parasitos
682 3777 716 3839 in
740 3776 857 3858 templo
881 3796 991 3838 eorum
1013 3794 1104 3838 sacra
1126 3775 1284 3857 quaedam

139 3877 424 3942 administravisse.
468 3877 574 3956 Quare
596 3876 675 3941 mihi
698 3878 827 3961 quidem
849 3897 1037 3960 persuasum
1058 3883 1123 3950 est,
1162 3875 1284 3938 cultum

139 4021 340 4030 ...mum-..a

212 4091 465 4160 bffipffld
