2750 4575
722 113 741 172 7

158 302 272 388 quibus
293 300 327 365 hi
349 298 485 383 parasiti
504 297 691 381 posteriores
711 319 828 363 nomen
848 304 1051 383 acceperunt.
1094 300 1178 365 Nam
1192 322 1303 384 quam-

158 426 252 489 quam
280 401 391 485 negari
418 401 548 483 nequit,
582 400 743 484 parasitos
766 401 891 466 Atticae
913 403 1097 467 comoediae
1118 404 1304 468 recentioris

157 527 222 571 non
244 510 412 591 poetarum
435 503 563 586 ingenio
585 501 713 581 deberi,
745 503 801 567 sed
830 504 922 586 quasi
951 505 1108 588 imagines
1137 526 1205 570 esse
1227 527 1303 588 quo·

158 608 295 673 rundam
311 607 395 670 vitae
411 603 590 669 cotidianae
610 604 785 685 hominum,
808 606 855 669 ita
877 611 913 669 ut
935 606 981 670 eis
1002 606 1044 670 ad
1066 606 1303 689 antiquitatem,

159 710 244 794 quod
271 708 341 774 fieri
371 712 492 791 potest,
524 706 699 790 perfectam
721 707 755 770 in
778 707 893 771 animis
920 708 1040 773 nostris
1060 707 1304 787 restituendam,

158 813 259 877 careri
288 832 352 875 non
375 809 489 893 possit,
523 814 631 872 tamen
656 809 782 873 etiamsi
804 830 965 893 perpauca
995 809 1035 875 de
1062 810 1108 874 cis
1131 811 1303 893 accepisse·

156 935 227 978 mus
249 916 348 976 —at
370 914 499 975 exstant
521 911 616 975 nimis
638 911 741 976 multa
763 949 804 959 -
827 910 909 976 nihil
930 911 1203 991 desideraremus,
1226 914 1303 996 quia

155 1037 258 1101 aeque
279 1036 317 1079 ac
340 1034 455 1077 nomen
485 1033 584 1095 genus
612 1034 739 1096 quoque
769 1013 902 1077 istorum
929 1015 1146 1098 parasitorum
1169 1035 1232 1077 non
1256 1015 1303 1078 in-

155 1119 253 1183 teriit.
298 1115 408 1199 Neque
431 1136 505 1179 vero
528 1115 657 1178 omuino
679 1114 893 1198 disjungenda
917 1122 993 1181 sunt
1016 1117 1079 1181 duo
1100 1117 1158 1181 illa
1180 1117 1304 1200 parasi-

156 1225 263 1286 torum
284 1238 418 1301 genera,
448 1217 503 1281 scd
527 1216 610 1299 quod
631 1216 701 1299 jam
723 1216 807 1296 dixi,
836 1217 973 1282 alterum
996 1219 1037 1284 ab
1060 1217 1163 1283 altero
1186 1239 1302 1283 nomen

156 1328 206 1389 est
220 1326 411 1398 mutuatum,
435 1340 533 1402 quare
555 1320 589 1382 in
612 1317 675 1382 fiue
699 1317 931 1384 dissertationis
953 1320 987 1384 id
1010 1341 1136 1404 quoque
1158 1341 1304 1403 perscru-

157 1425 260 1503 tabor,
283 1422 438 1506 quomodo
461 1420 583 1485 lactum
605 1421 656 1500 sit,
682 1427 720 1484 ut
743 1442 856 1485 nomen
880 1427 977 1486 antea
999 1419 1117 1505 σεμνὸν
1138 1418 1195 1486 καὶ
1218 1417 1304 1509 ἱερόν

156 1533 285 1591 tantum
306 1524 413 1589 odium
434 1523 604 1607 paullatim
627 1523 659 1586 in
683 1543 717 1587 se
738 1525 943 1590 contraxerit

240 1628 371 1692 Praeter
392 1626 649 1691 Schoemaunum
669 1628 695 1703 ¹)
725 1631 758 1690 et
786 1625 1007 1691 Hermannum
1023 1629 1051 1710 ²)
1073 1627 1225 1711 permulti
1247 1628 1304 1693 alii

155 1730 321 1795 occasione
344 1728 422 1793 data
444 1727 484 1792 de
507 1726 557 1790 his
572 1725 738 1809 prioribus
760 1728 911 1810 parasitis
933 1729 1135 1812 quaestiones
1157 1729 1304 1794 institue·

155 1838 249 1912 runt,
272 1853 291 1895 e
312 1830 428 1914 quibus
449 1830 581 1894 nomino
605 1829 746 1893 Potitum
761 1831 805 1909 ³),
827 1829 872 1894 Le
894 1831 982 1895 Beau
997 1834 1043 1911 ⁴),
1065 1831 1247 1896 Avellinum
1265 1835 1304 1917 ⁵),

155 1934 333 2000 Prellerum
349 1934 395 2015 ⁶),
424 1932 564 2015 reliquos
586 1952 644 1996 suo
667 1930 737 1996 loco
759 1932 919 2012 adferam,
949 1938 1058 1998 tamen
1079 1939 1222 1998 veterum
1245 1933 1304 1999 hu·

150 2038 206 2122 jue
233 2035 416 2119 argumenti
444 2033 524 2098 locis
552 2034 830 2117 recentiorumque
849 2034 980 2118 judiciis
1002 2041 1152 2100 accurate
1176 2057 1304 2120 compa-

155 2140 244 2219 ratis,
266 2160 331 2202 non
353 2157 474 2214 vereor,
504 2156 545 2198 ne
567 2135 697 2200 inutilia
718 2138 923 2201 tractaverim
946 2143 1083 2222 actaque
1106 2138 1224 2223 egerim
1248 2138 1303 2204 sed

155 2261 248 2327 spero
270 2238 508 2324 aliquantulum
531 2237 666 2303 fortasse
691 2258 740 2303 me
762 2238 1029 2323 praestituturum
1052 2240 1095 2305 ad
1109 2239 1303 2306 Graecorum

155 2365 206 2409 res
228 2363 336 2408 sacras
358 2343 467 2425 aliqua
489 2362 529 2405 ex
550 2347 642 2424 parte
665 2340 786 2406 clarius
808 2340 1048 2425 intelligendas,
1071 2363 1154 2426 quae
1176 2349 1304 2408 tantum

155 2446 247 2511 abest
269 2451 307 2510 ut
327 2444 456 2529 penitus
478 2443 626 2526 cognitae
649 2443 727 2520 sint,
751 2448 788 2507 ut
809 2444 837 2508 si
859 2466 898 2508 ne
922 2444 1026 2509 dicam
1049 2446 1124 2509 novi
1146 2447 1202 2511 sed
1224 2447 1304 2511 certi

155 2548 232 2632 quid
262 2547 458 2624 inveniatur,
488 2566 546 2630 pro
576 2544 665 2610 lucro
695 2547 737 2609 sit
766 2545 959 2610 habendum.
1007 2546 1151 2630 Denique
1173 2548 1305 2614 addide-

155 2651 235 2729 mm,
272 2669 323 2713 me
352 2648 435 2713 hanc
461 2648 564 2732 ipsam
592 2647 761 2711 materiam
789 2649 939 2731 elegisse,
977 2650 1009 2712 in
1039 2670 1103 2733 qua
1132 2651 1304 2716 tractanda

154 2751 278 2817 fructus
309 2772 360 2815 mc
389 2750 545 2834 quosdam
573 2770 590 2814 c
620 2748 736 2814 studiis
764 2751 942 2835 percepisse
972 2750 1189 2832 ostenderem,
1227 2753 1304 2836 quia

154 2859 221 2919 tam
245 2854 325 2918 artis
346 2852 463 2918 finibus
486 2873 557 2916 eam
580 2871 648 2916 esse
670 2852 944 2936 circumscriptam
966 2854 1087 2937 putavi,
1109 2854 1201 2919 utin
1223 2860 1302 2920 tem-

154 2977 268 3040 porum
297 2954 454 3038 angustiis
482 2958 591 3018 tamen
612 2952 720 3037 aliquo
741 2955 836 3019 modo
859 2952 968 3038 perfici
992 2976 1012 3018 a
1033 2977 1084 3020 me
1106 2976 1198 3040 posse
1219 2956 1303 3022 hanc

154 3059 373 3142 quaestionem
396 3076 566 3139 sperarem.
612 3053 675 3117 Sed
706 3054 809 3119 denuo
842 3055 1003 3134 intellexi,
1038 3077 1111 3122 eum
1140 3059 1234 3123 modo
1262 3059 1302 3125 dc

154 3160 250 3225 rebus
278 3158 484 3242 antiquitatis
512 3158 561 3220 vel
584 3156 808 3221 minutissimis
830 3162 916 3222 certo
936 3158 1084 3241 judicare
1106 3181 1213 3244 posse,
1245 3163 1301 3245 qui

153 3262 380 3345 antiquitatem
403 3259 618 3343 amplectatur
639 3265 752 3324 totam.
801 3258 915 3343 Itaque
944 3261 977 3325 in
1007 3261 1223 3345 dijudicandis
1250 3264 1301 3329 his

153 3365 333 3430 studiorum
356 3382 497 3426 meorum
520 3360 671 3446 primitiis
692 3362 820 3426 veniam
842 3363 1020 3446 potiuerim.

226 3562 248 3630 ¹)
283 3559 392 3615 Griech.
410 3559 530 3613 Altcrth.
549 3558 616 3611 edit.
633 3559 668 3612 Il.
687 3563 754 3612 tom.
772 3560 807 3612 II.
825 3578 852 3629 p.
870 3564 931 3617 399.

224 3650 247 3718 2)
283 3647 492 3702 Gottesdienstl.
510 3645 631 3699 Alterth.
649 3648 716 3700 edit.
733 3648 755 3700 I.
773 3647 798 3717 ᾗ.
818 3651 860 3716 36,
882 3652 922 3704 19.

223 3737 248 3804 3)
282 3736 370 3805 Leges
387 3735 498 3789 Atticae
515 3752 544 3803 p.
565 3736 615 3787 158
633 3751 673 3803 sq.

225 3823 247 3889 ⁴)
282 3823 405 3876 Histoire
424 3822 458 3875 de
474 3821 637 3875 l’acaddmie
655 3822 705 3875 des
723 3822 806 3876 inscr.
825 3827 854 3877 et
873 3824 960 3877 belles
978 3825 1084 3878 lettres.
1103 3826 1204 3879 XXXI.
1221 3843 1249 3895 p.
1265 3830 1297 3881 51

225 3909 248 3978 ⁵)
283 3910 407 3979 opusculi
425 3910 535 3964 diversi.
571 3909 672 3978 Napoli
692 3912 769 3963 1826.
805 3911 826 3978 Ι,
849 3929 877 3979 p.
896 3912 958 3962 215.

225 3997 247 4066 ⁶)
282 3998 437 4052 Polemonia
455 3997 620 4067 fragmenta.
654 3997 729 4066 Lips.
750 4000 826 4051 1836.
862 4015 889 4065 p.
909 3998 959 4049 115
980 4014 1020 4065 sq.
