2750 4575
620 207 661 268 53

72 396 179 481 fragm.
204 395 294 480 polit.
317 415 348 479 p.
372 397 413 458 84
442 392 503 456 hoc
530 389 623 456 affert
646 391 826 455 Aristotelis
855 390 1087 472 fragmentum:
1118 386 1210 474 Ἀρι-

73 497 224 585 στοτέλης
244 490 274 562 δ’
295 493 329 560 ἐν
348 498 389 584 τῇ
402 488 591 581 Ἀθηναίων
612 488 767 580 πολιτείᾳ
787 488 888 580 φησίν
907 498 940 573 ι)·
964 486 1212 580 άναγράψαντες

72 600 106 667 δὲ
125 597 204 678 τούς
222 594 341 681 νόμους
361 591 409 674 εἰς
429 592 490 675 τὰς
502 592 639 682 κύρβεις,
662 591 803 683 ἔστησαν
826 593 860 660 ἐν
881 598 921 684 τῇ
944 599 1026 684 στοᾷ
1047 591 1210 684 βασιλείᾳ,

4 690 5 719 ’
70 704 166 768 Porro
196 702 283 785 apud
314 698 520 764 Plutarchum
549 700 603 763 vit.
626 699 688 764 Sol.
713 703 752 762 25
784 697 898 763 haecce
925 697 1075 781 leguntur
1095 699 1210 763 verba:

71 800 159 887 ἰσχὺν
181 803 217 869 δὲ
239 805 311 880 τοῖς
331 797 444 884 νόμοις
464 803 569 866 πᾶσιν
590 795 638 878 εἷς
664 794 780 865 ἑκατὸν
810 796 975 878 ἐνιαυτούς
1003 795 1120 868 ἔδωκε·
1155 797 1212 864 καὶ

69 903 315 994 κατεγράφησαν
346 899 394 982 εἷς
428 898 573 985 ξυλίνους
604 895 722 984 άξονας
754 900 788 967 ἐν
823 898 994 980 πλαισίοις
1030 902 1117 980 (fort.
1152 898 1212 968 σύν

4 1054 5 1063 1
69 1004 253 1086 πλαισίοις)
286 1004 474 1094 περιέχουσι
507 1002 763 1092 στρεφομένους·
800 994 846 1068 ὧν
876 1002 927 1071 ἔτι
957 999 1036 1070 καθ’
1063 999 1148 1093 ἡμᾶς
1178 1004 1212 1070 ἐν

68 1106 260 1198 Πρυτανείῳ
281 1105 425 1195 λείψανα
450 1104 551 1193 μικρὰ
578 1103 750 1188 διεσώζετο
767 1109 813 1188 2)·
849 1104 916 1172 καί
945 1103 1237 1195 προσηγορεύ-δ

69 1219 215 1303 θησαν,
240 1206 586 1298 ιῦςἎριστοτέλης
607 1206 721 1297 φησὶ,
744 1204 912 1296 κύρβεις.
957 1206 1027 1275 Καὶ
1048 1215 1213 1299 Κρατῖνος

69 1311 87 1381 o‘
108 1313 252 1400 κωμικὸς
273 1311 381 1402 εἴρηκέ
401 1335 485 1378 που·

197 1414 282 1505 πρὸς
302 1420 361 1482 τοῦ
381 1411 530 1493 Σόλωνος
550 1409 607 1477 καὶ
627 1407 816 1498 Δράκοντος
837 1402 906 1479 οἷσι
928 1417 983 1478 νῦν

196 1516 355 1608 φρύγουσι
377 1511 437 1606 ἤδη
459 1514 519 1594 τὰς
539 1510 657 1602 κάχρυς
677 1517 750 1593 τοῖς
770 1512 930 1603 κύρβεσιν.

3 1644 6 1655 ·
69 1625 170 1702 Quem
205 1623 309 1688 locum
332 1620 557 1685 Plutarcheum
589 1619 743 1703 exscripsi
774 1624 895 1699 totum,
928 1618 1004 1703 quia
1037 1619 1213 1703 Plutarchi,

3 1800 4 1821 η
68 1725 205 1805 Cratini,
229 1724 408 1790 Aristotelis
428 1723 474 1787 ihi
494 1722 702 1787 continentur
723 1722 916 1786 testimonia.
961 1721 1075 1787 Restat
1096 1729 1133 1788 nt
1154 1725 1214 1789 Ρο-

67 1828 203 1892 lemonis
231 1827 330 1892 verba
358 1824 491 1889 afferam
519 1830 609 1903 (nam
631 1825 769 1889 Pausan.
794 1824 819 1903 l,
845 1828 892 1901 18,
916 1827 935 1888 3
958 1822 1018 1889 hoc
1041 1824 1144 1891 solum
1167 1826 1214 1891 di·

66 1932 131 2010 cit,
159 1929 246 2012 leges
268 1928 394 1994 Solonis
415 1929 448 1992 in
470 1932 627 2012 prytaneo
650 1947 718 1991 esse
742 1931 922 1990 asservatas
936 1928 999 2007 3)),
1023 1947 1105 2011 quae
1126 1928 1215 1994 inve·

3 2026 4 2055 ¹
66 2032 205 2097 niuntur
226 2030 311 2114 apud
334 2031 488 2115 Harpocr.
513 2050 540 2092 v.
565 2021 654 2110 άξονι
677 2027 738 2108 (ed.
756 2027 850 2092 Dind.
868 2028 893 2106 Ι,
910 2050 941 2113 p.
959 2034 1025 2109 41)·
1048 2024 1080 2093 οὶ
1102 2026 1212 2096 Σόλω-

3 2156 4 2207 ι
66 2156 125 2212 νος
146 2129 242 2215 νόμοι
264 2130 298 2197 ἐν
320 2128 459 2215 ξυλίνοις
479 2120 561 2219 ἦσαν
576 2123 670 2212 άξοσι
685 2128 907 2215 γεγραμμένοι.
944 2130 1166 2219 Δημοσθένης
1181 2130 1215 2198 ἓν

3 2286 4 2318 ,
66 2239 118 2323 τῷ
141 2228 211 2301 κατ’
221 2228 488 2321 Ἀριστοκράτους
512 2228 575 2315 ,ὥς
597 2230 632 2300 ἐν
652 2224 744 2314 άξονι
767 2227 911 2321 εἷ’ρηται“
936 2233 1209 2320 mennatum

67 2333 117 2417 ιύς
139 2336 173 2403 ἐν
193 2331 285 2419 άξονι
307 2333 475 2423 ἀγορεύει).
499 2376 537 2385 -
563 2326 645 2424 ἦσαν
668 2333 713 2417 δὲ,
737 2325 782 2413 tle
803 2357 885 2423 φησι
906 2334 1069 2419 Πολέμων
1090 2335 1125 2402 ἐν
1145 2340 1217 2417 τοῖς

67 2436 158 2525 πρὸς
181 2433 434 2527 Ἐρατοσθένην,
462 2435 650 2528 τετράγονοι
671 2435 710 2503 τὸ
734 2442 857 2525 σχῆμα·
887 2435 1102 2520 διασώζονται
1124 2440 1161 2505 δὲ
1182 2438 1216 2506 ἐν

1 2590 2 2593 ¹
64 2546 119 2628 τῷ
140 2538 338 2628 πρυτανείῳ,
362 2540 576 2628 γεγραμμένοι
596 2538 681 2606 κατὰ
704 2538 814 2606 πάντα
833 2537 996 2629 τὰμέρη·
1029 2536 1216 2608 ποιούσιά

67 2639 178 2711 ἐνίοτε
198 2640 382 2730 φαντασίαν
401 2639 573 2730 τρίγωνον,
608 2640 688 2710 ὅταν
715 2640 774 2709 ἐπὶ
796 2639 834 2708 τὸ
857 2643 970 2710 στενὸν
991 2645 1138 2711 κλιθῶσι
1158 2648 1217 2733 τῆς

1 2776 2 2811 ι
64 2741 198 2835 γωνίας.
243 2746 276 2812 Si
306 2746 455 2812 addimus
484 2748 622 2830 denique
654 2746 876 2831 Aristophanis
898 2747 1003 2813 locum
1026 2749 1146 2832 (Etym.
1170 2748 1214 2812 Μ.

1 2914 2 2919 ,
66 2844 405 2934 athanasianae.
451 2849 537 2914 Suid.
561 2871 586 2914 ε.
609 2872 638 2913 r.
684 2850 818 2915 Cramer
838 2850 949 2915 anecd.
974 2849 1085 2932 Graec.
1114 2850 1214 2916 Oxou.

1 2990 2 3023 r
66 2951 98 3028 I,
120 2970 151 3032 p.
170 2954 241 3013 221.
264 2951 306 3029 ΙΙ,
327 2973 358 3035 p.
375 2956 454 3032 455)
482 2945 712 3039 Ἀριστοφάνης
734 2951 770 3017 δὲ
792 2946 910 3034 ὁμοίας
932 2954 990 3034 (sc.
1014 2946 1049 3017 ci
1072 2948 1217 3039 κύρβεις)

1 3032 2 3101 l
66 3043 156 3119 εἶναι
170 3055 242 3130 τοῖς
256 3045 359 3134 άξοσι,
382 3049 470 3140 πλὴν
490 3048 543 3118 ὅτι
565 3047 597 3116 οὶ
618 3051 678 3135 μὲν
699 3046 810 3135 άξονες
831 3048 950 3134 νόμους
971 3049 1005 3118 αλ
1029 3053 1066 3121 δὲ
1087 3051 1217 3141 κύρβεις

65 3147 186 3233 ούσίας
207 3149 325 3236 iignum·
349 3148 542 3244 άμφοτέρων
563 3152 599 3221 δὲ
613 3150 652 3219 τὸ
666 3150 920 3237 κατασκεύασμα
934 3160 1095 3221 τοιοῦτον·
1119 3157 1217 3222 πλιν-

145 3388 165 3458 ¹)
199 3389 291 3445 Schol.
315 3389 402 3443 Arist.
420 3405 463 3443 av.
483 3390 565 3443 1354:
595 3382 664 3439 κατὰ
689 3384 721 3440 δὲ
743 3386 832 3445 ἐνίους
857 3381 949 3446 ίίξονες
970 3390 1100 3457 τρίγονοι
1123 3390 1153 3444 ἐν
1177 3384 1218 3451 οἷς

1 3512 2 3535 2
67 3471 144 3543 ἦσαν
170 3479 198 3529 οἱ
226 3481 281 3530 τῶν
307 3474 415 3529 πόλεων
444 3472 527 3554 νόμοι
551 3478 740 3546 γεγραμμένοι
764 3476 812 3527 καὶ
840 3477 869 3527 αἱ
893 3473 1028 3545 ύημοσίαι
1053 3477 1216 3548 ἱεροποιίαι·

1 3580 2 3589 ’
69 3559 201 3633 καθάπερ
225 3565 272 3616 καὶ
292 3562 524 3637 Ἀριστολέλης
546 3563 581 3617 ἐν
602 3566 642 3635 τῇ
664 3565 728 3614 τῶν
748 3559 936 3627 Ἀθηναίων
958 3563 1119 3633 πολιτεία
1147 3568 1217 3636 φησι

68 3652 119 3707 καὶ
131 3647 335 3723 Ἀπολλόδωρος
353 3656 449 3721 aperte
466 3650 646 3704 Aristotelem
663 3667 718 3703 non
736 3649 883 3719 intellexit,
902 3650 1004 3720 quippe
1022 3651 1070 3719 qui
1087 3653 1121 3706 de
1138 3653 1215 3708 diffc-

67 3738 162 3795 rentia
180 3733 299 3808 κύρβεσιν
318 3744 346 3794 et
363 3735 468 3800 ἀξόνων
484 3738 525 3791 nil
543 3736 653 3791 dixerit.

142 3825 164 3889 2)
199 3824 328 3880 Dubitari
351 3826 467 3881 fortasse
485 3828 591 3895 potest,
618 3827 713 3879 utrum
735 3823 805 3879 haec
828 3824 913 3879 verba
935 3824 992 3878 sint
1011 3823 1156 3880 Plutarchi
1181 3843 1217 3881 an

68 3912 165 3969 tontis.

142 3999 164 4067 3)
200 3997 236 4053 cf.
261 3998 388 4052 Ananim.
410 4016 454 4068 ap.
478 3998 589 4068 Didym.
611 3998 775 4067 Harpocrat.
798 4017 819 4053 a.
839 4017 865 4053 v.
891 3994 906 4050 ὁ
925 3992 1050 4052 κάτωθεν
1066 3995 1152 4072 νόμος
1174 4002 1216 4057 ed.

1 4154 2 4157 Ἴ
68 4086 154 4145 Dind.
174 4104 202 4155 p.
215 4086 275 4138 220.
