2750 4575
728 159 767 218 39

177 347 235 413 bus
257 346 454 431 temporibus
476 345 721 409 usitatissimum
741 349 777 421 ¹),
800 350 832 407 et
848 344 1008 410 Prellerus
1030 367 1157 430 quoque
1180 346 1259 411 dicit
1274 350 1318 423 2):

177 471 252 515 eave
274 450 355 514 illud
374 443 530 536 Ἀθήνῃσι
560 447 600 512 de
623 448 694 531 ipsa
716 447 793 511 urbe
818 447 1016 512 Athenarum
1038 448 1209 527 intelligas.
1256 449 1320 514 Ita-

177 573 237 636 que
259 552 417 617 Acharnis
440 550 500 615 hoc
523 545 754 634 capacitates,
786 550 870 632 quod
893 550 926 613 iu
948 549 1016 632 lege
1038 553 1128 633 regia
1149 550 1320 630 invenitur,

176 660 369 738 oraturque
392 654 432 717 de
454 653 672 737 parasitorum
693 653 727 715 iu
750 652 829 716 urbe
851 650 1007 735 peculiari
1029 644 1122 717 domo
1145 653 1320 736 quidquam

176 757 330 822 traditum
353 755 445 820 nobis
467 760 525 819 est.
571 755 677 833 Nam,
715 754 841 818 etiamsi
869 755 903 817 iu
932 754 1011 819 urbe
1037 756 1173 838 parasiti
1194 777 1321 840 quoque

176 864 271 926 erant
293 868 349 936 (sc.
363 855 397 922 έν
418 861 466 944 τῷ
482 850 657 942 Ἀνακείῳ),
680 878 744 920 non
761 857 974 940 consequitur,
999 855 1179 921 aedificium
1195 880 1321 942 quoque
1351 909 1354 916 .

176 961 345 1037 exstitisse,
369 962 421 1025 cui
444 981 560 1024 nomeu
583 965 666 1024 esset
689 954 914 1043 παρασίτειον.
957 952 1098 1045 Ἀρχεῖον
1120 960 1203 1025 illud
1225 983 1244 1025 a
1265 982 1322 1045 pa·

175 1065 286 1129 resilio
309 1084 372 1127 non
396 1062 522 1127 videtur
545 1061 706 1126 diversum
728 1062 840 1139 fuisse,
864 1061 919 1125 sed
941 1061 1026 1126 idem
1049 1068 1119 1127 erat
1141 1062 1321 1127 aedificium

177 1171 209 1231 et
231 1159 359 1249 α’ρχεῖον
375 1167 402 1239 3)
427 1170 459 1229 et
481 1159 706 1249 παρασίτειον.
751 1164 832 1228 Tum
854 1158 874 1250 ή
897 1157 986 1228 οἰκία
1008 1158 1027 1251 ή
1050 1157 1120 1250 ἱεροί
1135 1170 1168 1229 et
1183 1161 1221 1229 τὸ
1238 1159 1323 1251 ἱερόν

176 1267 305 1333 differre
327 1289 392 1331 nou
414 1267 581 1346 videntur,
619 1288 695 1330 nam
724 1262 763 1331 τὸ
786 1260 871 1350 ἱερόν
893 1266 931 1330 de
955 1268 1074 1351 templo
1097 1269 1166 1351 ipso
1188 1287 1251 1332 non
1273 1269 1322 1331 in-

175 1371 371 1447 tellexerim,
404 1370 437 1433 in
460 1391 524 1452 quo
547 1370 615 1452 ipso
638 1368 753 1452 epulae
776 1390 840 1432 non
863 1368 1107 1434 instruerentur.
1153 1369 1215 1434 Sed
1238 1370 1323 1434 circa

175 1473 331 1557 templum
355 1472 420 1536 alia
442 1471 604 1556 permulta
626 1477 718 1534 erant
740 1469 887 1535 aedificia
911 1472 991 1536 varii
1012 1493 1105 1551 usus,
1134 1472 1219 1536 inter
1240 1494 1323 1556 quae

175 1598 274 1640 unum
297 1594 375 1659 prae
399 1575 514 1638 ceteris
535 1570 574 1637 τὸ
598 1567 685 1659 ἱερόν
708 1574 757 1638 vel
779 1567 868 1637 οἰκία
889 1568 908 1662 ή
930 1567 1000 1659 ἱεροί
1016 1573 1200 1653 vocabatur,
1223 1576 1323 1658 quod-

176 1700 238 1764 que
267 1678 404 1763 publicis
432 1677 549 1740 civium
571 1677 674 1760 epulis
697 1677 865 1740 inserviret
888 1678 995 1741 saeris.
1041 1676 1192 1742 Nondum
1214 1683 1323 1741 lamen

174 1782 284 1846 omnia
305 1783 436 1864 patent,
474 1799 549 1842 nam
578 1779 613 1843 iu
642 1779 746 1862 primo
775 1777 955 1863 fragmento
978 1779 1157 1863 compluria
1178 1779 1324 1844 uomina-

175 1883 295 1949 bantur
316 1874 449 1969 οίρχεῖοι,
486 1881 520 1945 iu
549 1902 631 1963 quae
658 1881 795 1964 parasiti
817 1880 951 1947 selectos
974 1882 1126 1947 sectarios
1149 1881 1322 1961 deferrent,

175 2006 280 2069 neque
309 1984 349 2049 de
376 1982 496 2068 plurali
518 1984 596 2067 quiu
616 1990 702 2048 recte
725 1984 844 2049 habeat
866 1983 1080 2049 dubitandum
1102 1989 1160 2049 est.
1204 1984 1323 2050 Prelle·

175 2107 231 2153 rus
252 2092 326 2172 post
347 2078 459 2172 υίρχεῖα
488 2087 621 2151 lacunae
650 2087 757 2170 posuit
784 2087 910 2169 signum
934 2107 1024 2167 „oum
1049 2086 1100 2151 vel
1121 2108 1179 2171 per
1201 2109 1234 2152 se
1256 2108 1323 2151 ma-

176 2189 329 2255 nifestum
351 2191 402 2269 sit,
427 2189 582 2253 nonnulla
604 2189 770 2265 excidisse,
794 2191 871 2273 quia
892 2193 1032 2272 arguant
1054 2209 1107 2268 ea,
1129 2210 1212 2272 quae
1233 2190 1323 2256 Pole-

175 2313 227 2358 mo
255 2293 458 2377 praemiserit
485 2285 582 2356 θτίειν
611 2295 659 2377 τῷ
674 2284 863 2357 Ἀπόλλωνι
885 2291 961 2371 τοὺς
981 2284 1156 2379 Ἀχαρνέων
1177 2287 1324 2379 παρασί-

176 2401 282 2472 τους.“
329 2395 390 2460 Sed
416 2416 492 2478 ,per
508 2400 560 2459 se“
584 2396 720 2460 lacunae
736 2415 834 2460 causa
850 2417 913 2459 non
929 2395 1131 2477 intelligitur,
1155 2396 1242 2479 quod
1256 2418 1325 2461 ver·

175 2497 234 2561 ba:
271 2492 329 2560 τὸν
357 2492 387 2560 d'
416 2491 511 2561 ἑκτέα
533 2495 687 2585 παρέχειν
711 2491 759 2574 εἷς
779 2493 821 2562 τὰ
842 2490 955 2584 οίρχεῖα
976 2500 1023 2583 τῷ
1037 2491 1227 2564 Ἀπόλλωνι
1248 2494 1326 2576 τούς

167 2591 350 2683 Ἀχαρνέων
379 2594 583 2685 παρασίτους
614 2593 683 2664 ἀπὸ
712 2604 770 2686 τῆς
799 2597 932 2687 ἐκλογῆς
953 2605 1020 2665 τῶν
1043 2604 1171 2687 κριθῶν
1193 2603 1323 2667 omniuo

175 2770 378 2779 —-——-——-

248 2896 268 2956 Ι)
304 2894 388 2964 Cujus
417 2910 482 2947 usus
507 2893 581 2962 apud
605 2890 817 2961 lexicographos
841 2891 985 2944 innumera
1002 2891 1180 2946 inveniuntur
1199 2894 1325 2963 exempla

176 2989 205 3039 et
216 3001 271 3038 nou
286 2984 374 3037 solum
387 2999 418 3036 eo
432 2998 514 3034 sensu
525 2981 675 3048 usurpatur
686 2996 740 3032 vox
749 2974 908 3049 Ἀθήνῃσιν,
928 2982 960 3032 ut
977 2995 1064 3046 aeque
1082 2996 1115 3034 ao
1131 2978 1273 3046 Ἀθηναῖοι
1290 2982 1325 3036 de

175 3072 311 3142 republica
329 3067 542 3125 Atheniensium
559 3066 773 3134 intelligendum
792 3067 829 3117 sit
846 3064 892 3127 (cf.
910 3065 1028 3134 Hesych.
1047 3084 1072 3119 v.
1091 3070 1226 3125 Λεωντίς·
1252 3065 1324 3138 φυλή

170 3157 315 3230 Ἀθήνῃσι;
332 3158 411 3211 Phoc.
432 3159 491 3210 214.
516 3185 536 3191 -v
569 3153 694 3223 Append.
714 3152 840 3222 proverb.
859 3152 906 3220 IV,
927 3156 958 3206 ll
978 3155 1182 3222 Καλλίστρατος
1194 3152 1325 3228 Ἀθήνῃσι

175 3242 413 3316 πολιτευσάμενος.
445 3275 458 3282 -
500 3241 580 3295 Phot.
601 3243 661 3296 648.
682 3238 839 3292 &ellados-
861 3241 941 3309 γένος
959 3236 1203 3314 ίστὶνἈθήνρσιν.
1221 3275 1255 3285 -
1285 3244 1323 3299 id,

175 3337 236 3391 567.
254 3336 357 3403 ταμίαι·
378 3325 509 3401 ι’ίρχοντες
526 3331 596 3381 εἰσιν
608 3325 764 3400 Ἀθήνῃσιν)
784 3329 832 3382 aed
850 3344 882 3382 eo
901 3344 1022 3397 quoque,
1047 3331 1079 3381 ut
1096 3330 1171 3384 locos
1189 3332 1324 3400 quosdam

173 3427 250 3476 aetra
270 3421 360 3473 orbem
381 3419 549 3471 Athenarum
566 3418 655 3487 ipsam
673 3418 741 3470 sitos
758 3415 897 3485 significet
915 3416 960 3482 (ef.
978 3415 1098 3485 Hesyoh·
1117 3413 1257 3488 Λαιίρεια·
1288 3416 1323 3471 τὰ

169 3505 299 3581 Ἀθήνῃσι
320 3503 437 3579 χρύσεαι
461 3506 582 3576 μέταλλα
606 3501 760 3574 λεγόμενα).
782 3535 813 3544 -
850 3505 888 3558 id.
914 3501 1045 3575 Λαμπρὰ
1073 3501 1253 3576 καθύπερθεν
1277 3507 1323 3558 καὶ

174 3592 305 3667 Λαμπρὰ
324 3592 483 3664 ὑπένερθεν
503 3591 589 3661 δῆμον
606 3593 749 3664 Λαμπρο)
762 3587 918 3663 Ἀθήνῃσιν.
938 3620 971 3630 -·
998 3592 1113 3646 Photius
1132 3595 1192 3647 521.
1211 3596 1321 3664 Σκίρον·

173 3680 260 3742 τόπος
273 3678 429 3754 Ἀθήνῃσιν,
448 3677 493 3750 ἐφ’
512 3670 546 3731 οὗ
563 3681 591 3731 ot
607 3675 719 3749 μάντεις
738 3678 909 3740 ἐκαθέζοντο.

244 3770 267 3838 ²)
302 3770 322 3823 l.
341 3770 360 3822 l.
378 3787 405 3837 p.
420 3771 479 3822 118.

244 3857 268 3918 ³)
305 3856 522 3922 cf.P01em.ap.
543 3855 745 3925 Athen.VIp.
765 3853 868 3909 2351).
897 3853 928 3908 ἐκ
951 3847 1048 3905 τούτου
1072 3849 1158 3919 δῆλόν
1181 3854 1257 3907 ἔστιν
1279 3849 1323 3906 ὅτι

174 3946 205 3999 ἐν
222 3933 244 4012 ᾧ
261 3940 309 4001 τὰς
327 3940 457 4014 ἀπαρχὰς
476 3943 606 3996 ἐτίθεσαν
630 3946 681 3995 τοῦ
705 3943 781 4013 ἱεροῦ
805 3945 896 4004 σίτου,
920 3943 1002 3993 τοῦτο
1020 3945 1200 4013 παρασίτειον
1217 3955 1323 4011 προση-

172 4047 307 4102 γορενετο.
