2750 4575
597 111 638 173 45

50 307 139 366 retur
159 301 346 380 verborum,
369 322 451 386 quae
473 302 506 366 in
531 301 593 365 alio
615 299 695 384 legis
716 300 786 365 loeo
806 303 830 382 ¹)
852 300 1020 385 leguntur,
1043 300 1191 384 quodque

49 404 218 468 verisimile
239 425 303 469 non
324 410 373 468 est
394 425 499 488 regem
524 401 737 468 sacrificulum
759 403 953 467 creationem
975 404 1192 487 parasitorum

50 527 162 569 rorare
183 507 216 569 in
239 506 351 571 eadem
373 506 440 590 lego
462 506 511 571 bis
529 507 655 589 jussum
677 527 754 571 esse.
800 505 906 584 Quare
928 507 1072 571 codicum
1095 505 1192 571 verba

49 608 205 672 servanda
236 615 329 685 sunt,
367 609 441 673 licet
469 630 527 692 per
555 631 587 673 se
618 631 681 674 non
711 611 776 673 sint
804 608 966 673 absoluta:
1003 629 1078 672 nam
1102 608 1191 672 deest

48 711 176 774 omnino
204 710 365 794 objectum
392 711 434 775 ad
457 710 645 776 vocabulum
668 708 907 793 ἐπιμελεῖσθαι
928 711 1084 775 additum.
1128 710 1190 775 Ne·

48 814 163 877 scimus
185 814 284 896 igitur
305 813 460 896 quidnam
481 814 632 897 parasiti,
662 835 735 894 rex,
766 834 873 893 senes,
904 820 1070 878 matronas
1092 811 1191 877 semel

47 920 167 997 nuptae
189 936 255 979 una
275 915 428 998 perficere
446 915 528 999 jussi
550 918 624 981 sint.
669 916 837 995 Nonnulli,
866 938 938 981 cum
965 936 1060 1000 saepe
1089 915 1191 979 nomi·

47 1024 166 1081 nentur
193 1037 285 1081 senes
319 1018 353 1082 in
385 1039 502 1102 pompa
532 1019 832 1084 Panathenaeorum
860 1017 1147 1105 θαλλοφοροῦντες
1161 1019 1188 1101 2)

47 1120 200 1204 suspicati
222 1126 314 1197 sunt,
349 1119 433 1184 hano
456 1141 582 1204 quoque
605 1121 708 1203 legem
731 1120 770 1185 de
794 1121 1029 1185 Panathenaeis
1053 1142 1120 1185 esse
1142 1119 1190 1185 la·

46 1229 121 1286 tarn.
170 1222 353 1285 Invenimus
376 1222 459 1285 enim
484 1221 570 1306 apud
593 1222 690 1286 sehol.
716 1224 810 1286 Arist.
835 1224 929 1306 Vesp.
954 1229 1016 1287 544
1038 1222 1133 1288 haee:
1170 1215 1188 1288 ὁ

45 1322 158 1405 μέντοι
173 1318 373 1408 Δικαίαρχος
394 1321 428 1387 ἐν
442 1327 490 1409 τῷ
504 1327 753 1411 Παναθηναὶλιῴ
774 1316 832 1388 οὒκ
854 1316 929 1389 οἶδα
950 1321 987 1404 ἕξ
1006 1320 1082 1389 ὅτου
1104 1324 1189 1389 ποτὲ

46 1423 100 1490 καί
127 1422 189 1504 τὰς
218 1429 315 1510 γραῦς
343 1422 377 1489 ἐν
408 1429 480 1503 τοῖς
500 1422 751 1514 Παναθηναίοις
779 1422 943 1514 ὑπείληφε
965 1426 1189 1514 θαλλοφορεῖν

46 1529 181 1594 πολλῶν
202 1517 355 1616 ἀλλήλοις
377 1522 622 1614 ὁμολογούντων
645 1525 723 1615 περὶ
743 1534 802 1594 τοῦ
816 1525 936 1611 μόνους
949 1525 1027 1606 τοὺς
1042 1525 1188 1613 πρεσβύ-

47 1653 102 1709 τας
121 1630 359 1718 θαλλοφορεῖν.
403 1633 442 1696 Εἰ
463 1634 562 1716 igitur
583 1653 647 1697 non
670 1639 756 1697 recte
775 1633 937 1715 judicant,
960 1633 1015 1715 qui
1038 1653 1110 1697 oum
1134 1632 1188 1696 Di-

47 1734 200 1799 caearcho
224 1735 263 1798 de
285 1734 520 1799 Panathenaeis
542 1737 699 1818 cogitant,
728 1736 815 1800 inter
837 1756 916 1818 quos
939 1741 987 1798 est
1008 1735 1132 1799 Petitus
1153 1734 1188 1798 in

44 1836 384 1914 animadversionibus,
406 1858 487 1921 quas
508 1837 583 1902 huio
605 1839 674 1902 looo
697 1838 843 1921 subjecit.
874 1837 997 1921 ‚Neque
1019 1857 1076 1900 eae
1099 1836 1188 1901 femi·

43 1960 102 2003 nas
125 1939 169 2004 ad
185 1960 276 2004 saera
292 1941 449 2023 quaedam
466 1940 595 2018 electae,
618 1960 701 2023 quae
722 1941 869 2025 γεραῖραι
884 1942 915 2024 3)
938 1938 988 2002 vel
1010 1933 1142 2024 γεραραί
1157 1941 1186 2019 4)

43 2042 242 2107 vocabantur
256 2042 331 2106 huie
346 2042 407 2125 legi
424 2042 624 2120 conveniunt,
647 2064 719 2106 oum
735 2042 776 2106 ad
794 2042 979 2124 Dionysium
995 2042 1187 2124 pertineant.

44 2144 158 2229 ltaque
182 2145 362 2228 putaverim
391 2145 424 2209 in
453 2144 678 2223 sollemnibus,
717 2166 799 2228 quae
821 2145 983 2208 Minervae
1007 2144 1188 2209 Pallenensi

42 2246 289 2313 celebrabantur
309 2247 375 2331 regi
401 2268 466 2312 una
488 2268 559 2312 oum
575 2248 736 2331 parasitis,
758 2246 896 2326 senibus,
918 2246 1075 2311 matronis
1090 2246 1189 2312 semel

43 2350 153 2434 nuptis
181 2370 273 2414 sacra
303 2351 460 2434 quaedam
490 2349 637 2415 facienda
667 2351 773 2415 fuisso.
833 2349 895 2415 Sed
922 2350 1082 2433 parasitos
1112 2371 1188 2420 euro

42 2451 295 2531 Pallenensium,
329 2453 368 2516 de
391 2451 506 2535 quibus
529 2452 616 2536 apud
638 2453 843 2517 Polemonem
860 2455 887 2530 ⁵)
917 2452 1053 2517 sortasse
1074 2473 1114 2517 ex
1136 2474 1188 2518 eo-

43 2553 115 2619 dem
139 2553 328 2619 Themisone
357 2555 436 2619 haeo
467 2576 593 2638 quoque
616 2555 813 2620 afferuntur:
852 2552 886 2619 ἐν
915 2554 951 2619 δὲ
980 2550 1189 2642 Παλληνίδος

43 2660 112 2735 τοῖς
130 2651 330 2743 ’ἀναθήμασι
353 2654 594 2742 ἐπιγέγραπται
614 2653 711 2724 τάδε·
742 2651 892 2743 ίίρχοντες
920 2654 976 2721 καί
1006 2655 1187 2743 παράσιτοι

42 2754 206 2824 ἀνέθεσαν
229 2754 260 2823 oi
282 2756 341 2824 ἐπὶ
361 2756 570 2846 Πυθοδώρου
587 2764 614 2842 6)
642 2753 796 2845 ίίρχοντος
823 2758 1091 2847 στεφανωθέντες
1110 2784 1187 2844 χρυ-

43 2866 89 2946 σῷ
105 2857 258 2948 στεφάνῳ
273 2859 332 2926 ἐπὶ
345 2859 490 2951 Διφίλης
505 2859 637 2947 ἱερείας·
661 2859 842 2949 παράσιτοι
854 2859 1028 2940 Ἐπίλυκος
1043 2864 1186 2949 [Λυκο]-

43 2961 184 3049 στράτου
206 2961 413 3052 Γαργήττιος,
437 2965 602 3051 Περικλῆς
624 2962 839 3048 Περικλείτου
861 2961 1020 3043 Πιτθεύς,
1044 2962 1188 3052 Χαρῖνος
1207 2967 1211 2979 ’

50 3167 250 3175 --—--——--

114 3300 133 3367 1)
169 3299 270 3353 Athen.
289 3300 327 3354 Vl
344 3318 372 3368 p.
391 3303 442 3354 235
460 3301 487 3353 O.

112 3387 135 3454 Ἰ)
172 3386 206 3441 of.
225 3388 349 3455 Xenoph.
368 3390 473 3442 oonviv.
488 3388 534 3456 IV,
548 3390 591 3441 17.
610 3386 802 3458 θαλλοφόρους
819 3385 873 3460 γὰρ
891 3392 924 3461 τῇ
936 3388 1040 3456 Ἀθηνᾷ
1056 3387 1120 3447 τοὺς
1136 3408 1187 3440 κα-

41 3468 103 3533 λοὺς
120 3477 251 3545 γέροντας
269 3474 431 3544 ἐκλέγονται.
452 3506 485 3514 -
510 3475 665 3530 Plriloohor.
684 3476 724 3545 113
744 3477 870 3530 Cratinus
888 3477 918 3530 ἰν
935 3478 1068 3541 Διαίρεσις
1086 3477 1185 3531 Phera-

42 3567 109 3615 crat.
133 3563 163 3614 ἐν
180 3557 369 3632 Ἐπιλήσμοσι.
406 3563 441 3616 of.
460 3564 545 3620 sehol.
564 3565 649 3618 Arist.
668 3581 743 3631 vesp.
762 3566 822 3617 544.
837 3594 867 3603 ‹—
889 3565 1043 3618 Mommsen
1061 3564 1185 3618 Heortol.

44 3653 102 3704 168.

110 3738 134 3806 3)
172 3738 208 3791 cf.
226 3738 345 3805 Etymol.
362 3738 400 3790 Μ.
420 3739 479 3793 231.
500 3740 540 3792 32.

111 3825 133 3892 4)
170 3825 340 3893 of.Hesyel1.
359 3844 423 3878 av.

112 3913 135 3978 5)
170 3912 272 3966 Athen.
290 3913 336 3967 VI.

113 4000 135 4067 6)
173 3997 214 4052 Ol.
234 3999 396 4065 LXXXVII,
417 4002 429 4051 1
450 4024 485 4049 ,τ
507 4003 558 4054 432
577 4001 621 4053 vel
640 4000 732 4068 XCIV,
754 4007 767 4054 l
787 4024 820 4049 ,τ
840 4004 901 4054 404.
