2750 4575
602 168 642 228 43

57 353 292 421 sacrificabatur
311 358 353 438 ¹),
385 353 552 439 praeterea
580 354 631 418 via
653 375 745 419 sacra
767 376 824 439 per
846 354 1070 419 Marathonem
1094 354 1196 434 duxit,

56 460 98 523 ita
120 464 157 522 ut
178 463 304 541 pateat,
335 478 479 522 summae
502 458 705 521 auctoritatis
727 456 825 522 fuisse
847 457 1003 542 templum
1025 457 1103 521 illud
1127 456 1195 521 Ma-

55 560 243 626 rathonium.
289 561 394 640 Quare
416 581 479 624 non
503 561 619 624 mirum
642 566 709 638 est,
747 559 833 643 quod
857 559 982 624 Solonis
1005 560 1056 623 lex
1079 559 1196 624 consti-

55 664 122 741 tuit,
144 668 181 726 ut
202 662 265 726 duo
287 684 471 746 praecones
495 664 612 746 quippe
634 662 750 745 quibus
773 682 865 726 sacra
887 667 993 726 essent
1011 662 1194 741 indicanda,

54 769 204 848 perpetuo
233 765 267 828 in
294 763 385 829 Delio
416 770 691 829 commorarentur
722 769 754 828 et
784 764 992 848 epularentur
1014 786 1085 828 cum
1108 765 1195 829 illius

54 867 161 952 templi
182 867 408 931 sacerdotibus.
454 867 537 931 Nam
568 868 606 932 de
629 867 697 951 ipso
721 887 851 931 munere
874 868 1088 951 parasitorum
1111 867 1193 951 cogi·

55 970 114 1033 tari
137 969 188 1033 hic
210 970 331 1052 nequit,
354 990 457 1052 neque
480 969 598 1035 hiduo
622 989 795 1053 praecones
817 970 951 1054 parasiti
977 969 1192 1033 nominantur.

54 1071 154 1136 Erant
175 1072 232 1135 soli
255 1092 443 1155 praecones,
475 1073 529 1156 qui
551 1072 736 1137 muneribus
757 1073 935 1156 praeconiis
957 1072 989 1135 in
1014 1070 1105 1135 Delio
1127 1071 1196 1135 Ma-

54 1174 198 1239 rathonio
220 1172 311 1258 fungi
330 1174 411 1257 jussi
434 1180 535 1239 erant.
582 1175 674 1253 Quod
689 1174 760 1238 fieri
774 1196 838 1238 non
854 1195 933 1258 opus
947 1179 1026 1252 erat,
1050 1175 1075 1237 si
1098 1173 1195 1238 Athe·

56 1277 102 1341 nis
124 1276 282 1361 Apollinis
305 1276 389 1340 Delii
411 1277 567 1361 templum
590 1266 773 1341 exstitisset.
818 1276 957 1340 Parasiti
972 1277 1072 1359 igitur
1086 1275 1119 1340 in
1134 1276 1196 1340 hac

54 1377 120 1463 lege
142 1378 268 1444 Solonis
290 1399 352 1444 non
376 1379 597 1460 nominantur,
621 1379 676 1444 sed
700 1379 740 1443 de
762 1399 801 1442 ea
823 1378 992 1443 dicendum
1015 1378 1094 1443 mihi
1116 1383 1195 1458 erat,

55 1481 190 1566 nequid
213 1481 342 1545 omnino
364 1482 616 1563 praetermisisse
637 1481 771 1546 viderer.

135 1583 195 1647 His
216 1583 356 1667 peractis
376 1584 494 1648 iterum
516 1585 557 1648 ad
580 1584 659 1669 legis
682 1585 788 1667 regiae
811 1582 1026 1666 fragmentum
1048 1605 1099 1649 me
1121 1606 1196 1651 con-

55 1691 138 1750 verto
169 1685 265 1769 idque
295 1686 455 1750 ultimum.
522 1687 590 1751 Hoc
619 1707 745 1770 quoque
775 1685 904 1751 Polemo
932 1686 1023 1751 nobis
1050 1687 1195 1769 tradidit,

56 1787 107 1852 sed
128 1792 164 1852 ut
185 1787 296 1872 priora
317 1787 498 1872 fragmenta
519 1810 559 1853 ex
577 1790 707 1854 Oratete
729 1789 884 1853 desumsit
905 1788 966 1853 hoc
989 1811 1115 1873 quoque
1130 1811 1195 1855 non

54 1888 120 1972 ipse
141 1890 238 1969 vidit,
268 1889 324 1954 sed
347 1911 386 1954 ex
409 1890 491 1955 libro
514 1891 714 1956 Themisonis
735 1890 920 1975 cujusdam,
950 1887 1119 1980 Παλληνίς
1139 1913 1195 1958 no-

55 1993 190 2071 minato,
229 1994 405 2077 exscripsit.
452 1992 538 2058 Dicit
565 1995 649 2058 enim
672 1994 802 2058 Polemo
819 1998 863 2077 ²):
900 1990 956 2058 καί
981 1990 1131 2077 Θεμίσων
1161 1992 1196 2060 ἕν

57 2090 252 2182 Παλληνίδι·
276 2089 514 2177 ἐπιμελεῖσθαι
536 2096 572 2162 δὲ
593 2093 650 2161 τὸν
672 2093 813 2180 βασιλέα
834 2092 892 2160 τὸν
912 2090 965 2161 uisi
979 2093 1196 2180 βασιλεύοντα

57 2194 204 2276 καὶτοὺς
226 2193 431 2285 παρασίτους
452 2189 509 2276 οὓς
529 2191 569 2263 dv
591 2195 627 2263 ἐκ
648 2203 714 2262 τῶν
737 2195 847 2287 δήμων
868 2203 1108 2285 προαιρῶνται,
1139 2197 1197 2265 καὶ

58 2297 130 2380 τοὺς
155 2300 308 2388 γέροντας
335 2299 391 2367 καὶ
419 2299 479 2380 τὰς
507 2305 660 2388 γυναῖκας
688 2298 749 2380 τὰς
776 2298 1019 2390 πρωτοπόσεις.
1086 2304 1197 2388 Neque

58 2402 199 2469 Themiso
222 2425 326 2488 neque
348 2405 430 2471 liber
452 2406 521 2488 ejus
543 2407 607 2470 alio
630 2406 772 2490 quodam
794 2407 863 2469 loco
885 2406 1107 2484 nominantur,
1141 2405 1198 2469 sed
1255 2433 1272 2460 κ

58 2504 148 2573 lectio
169 2508 299 2573 omnino
321 2509 407 2592 apud
430 2509 630 2573 Athenaeum
661 2513 807 2587 constat,
844 2509 891 2571 ita
920 2513 956 2572 ut
986 2508 1198 2573 dubitandum

59 2611 198 2689 nonsit,
228 2611 305 2694 quin
328 2612 465 2696 scriptor
486 2611 630 2694 liberque
654 2612 699 2675 sic
722 2612 877 2675 nominati
903 2611 1093 2675 exstiterint.
1139 2611 1198 2676 Ta·

59 2732 126 2777 men
155 2712 307 2778 nonnulis
336 2735 396 2779 vox
418 2709 587 2801 Παλληνίς
617 2713 712 2779 valde
742 2714 917 2799 suspiciosa
939 2734 1007 2778 esse
1029 2712 1198 2778 videbatur

59 2820 89 2878 et
108 2816 275 2899 permultis
297 2818 490 2900 conjecturis
511 2819 599 2883 locus
625 2817 694 2902 ipse
721 2822 898 2902 temptatus
919 2822 977 2881 est.
1025 2816 1049 2880 Α
1072 2817 1198 2882 nominc

59 2919 127 3001 pagi
143 2919 293 2984 Pallenae
310 2922 337 2998 3)
361 2921 521 3002 adjectiva
542 2920 645 2985 forma
668 2920 807 2985 formata
821 2926 870 2984 est
884 2914 1061 3007 Παλληνίς.
1107 2919 1199 2998 Quod

60 3021 240 3087 vocabulum
272 3023 299 3086 si
329 3022 431 3087 solum
454 3022 627 3088 adhibetur
648 3022 807 3106 significat
829 3023 1007 3086 Minervam
1029 3022 1197 3087 Pallenen·

60 3142 129 3203 sem,
151 3126 291 3210 quaein
313 3125 382 3210 ipso
404 3147 487 3211 pago
509 3126 664 3210 templum
676 3128 704 3204 ⁴)
728 3123 867 3190 habebat
882 3125 1083 3190 notissimum
1100 3129 1197 3208 atque

60 3310 257 3321 ———.--

61 3431 119 3486 nino
136 3433 206 3487 falso
225 3431 323 3487 vertit:
343 3432 410 3501 qu'il
427 3448 445 3501 y
462 3431 503 3485 ait
519 3431 644 3502 pendant
660 3430 767 3485 l’annee
784 3431 853 3485 dans
870 3431 897 3484 le
915 3432 1019 3500 temple
1035 3430 1199 3500 deDelosltl

62 3518 128 3575 deux
143 3522 256 3576 herauts
275 3519 310 3573 de
327 3519 355 3572 la
372 3519 477 3573 famille
495 3521 543 3574 des
561 3518 673 3572 herauts
692 3520 740 3573 des
756 3519 898 3586 mysteres.
1040 3499 1052 3520 ³

125 3609 145 3677 ¹)
180 3607 215 3662 cf.
235 3607 358 3661 Philoch.
377 3607 476 3676 fragm.
495 3624 536 3677 ap.
557 3607 639 3662 schol.
660 3605 727 3660 Oed.
746 3607 801 3660 Col.
821 3606 912 3674 (1047)
932 3608 1010 3659 1102.
1026 3637 1052 3676 ε
1076 3606 1199 3659 Siebelis.

61 3692 177 3751 Philooh.
194 3694 296 3765 fragm.
313 3712 341 3763 p.
359 3698 403 3749 84.
421 3696 464 3749 85.

124 3783 147 3852 ²)
181 3782 284 3836 Athen.
301 3782 341 3835 VI
358 3800 384 3851 p.
404 3784 456 3836 235
474 3783 507 3835 A.

124 3870 146 3936 3)
182 3869 217 3925 cf.
235 3870 314 3924 Ross.
332 3869 438 3923 Demen
454 3888 482 3939 p.
501 3871 543 3923 53.
563 3871 605 3924 90.

125 3957 148 4025 ⁴)
183 3957 218 4013 cf.
237 3958 339 4012 Herod.
357 3958 378 4024 I,
398 3957 441 4013 6‘2.
461 3958 489 4015 ἐς
506 3953 591 4009 τώυτὸ
610 3952 748 4012 συνιόντες
766 3952 943 4009 ἀπικνέονται
961 3955 1010 4009 ἐπὶ
1027 3955 1198 4019 Nullust-

64 4038 116 4101 λος
127 4034 308 4111 Ἀθηναίης
326 4040 395 4116 ἱρόν.
413 4074 444 4085 -
464 4043 594 4112 Polyaen.
614 4046 773 4112 strategem.
791 4043 812 4110 Ι,
832 4045 873 4110 21,
895 4046 918 4095 1.
936 4045 1135 4111 Πεισίστρατος
1147 4039 1197 4093 ἀπ’
