2750 4575
730 247 770 306 37

177 436 252 500 inde
281 435 411 499 sextarii
440 434 556 499 delecti
578 435 728 518 parasitis
753 433 1006 499 Acharnensium
1029 435 1063 499 in
1086 435 1242 518 Apollinis
1265 428 1324 524 ἅρ-

176 540 249 619 χεῖα
278 542 372 602 erant
401 536 582 615 deferendi,
618 537 778 618 civium1)
806 558 881 601 vero
903 537 1147 602 Atheniensium
1168 539 1268 602 cuivis
1289 539 1326 604 li-

178 641 244 705 cuit
273 639 440 724 epularum
467 639 666 722 publicarum
696 660 764 704 esse
792 640 952 723 participi.
997 639 1043 703 De
1072 639 1151 705 urbe
1185 640 1325 706 Athena·

178 764 250 807 rum
273 748 381 805 autem
403 763 507 805 sermo
528 763 593 805 non
615 748 680 820 est,
718 742 815 806 immo
838 748 949 825 aperte
971 747 1062 824 patet
1082 743 1116 805 in
1137 763 1237 825 pago,
1274 743 1326 808 oui

100 906 103 911 ,
178 867 294 910 nomen
324 838 489 929 Ἀχαρναὶ
525 850 596 908 erat
612 845 659 927 2),
702 843 799 909 festos
831 845 905 908 illos
935 845 1003 909 dies
1036 865 1104 909 esse
1137 845 1324 910 celebratos.

178 948 355 1012 Pausanias
377 947 416 1010 de
439 947 498 1011 hoo
519 969 602 1030 pago
618 947 696 1011 dicit
704 948 751 1024 3):
775 942 846 1011 ἔστι
869 945 905 1010 δὲ
919 942 1074 1032 Ἀχαρναὶ
1096 946 1211 1033 δῆμος·
1235 937 1327 1012 οὗτοι

177 1053 267 1114 θεῶν
288 1042 495 1113 Ἀπόλλωνα
516 1053 656 1131 τιμῶσιν
676 1042 818 1133 Ἀγυιέα
839 1046 896 1113 καὶ
914 1043 1085 1135 Ἡρακλέα.
1139 1051 1198 1115 Est
1227 1051 1326 1134 igitur

178 1152 441 1217 verisimillimum
469 1173 568 1235 pagos
597 1153 682 1216 circa
711 1153 877 1217 Acharnas
906 1153 984 1217 sitos
1013 1153 1124 1218 foedus
1146 1154 1253 1218 iniisse
1276 1175 1344 1237 sas

177 1276 268 1319 crum
296 1254 337 1318 ad
368 1274 460 1347 sacra
488 1255 646 1337 quaedam
674 1255 708 1317 in
739 1254 858 1338 templo
887 1254 1044 1337 Apollinis
1073 1255 1326 1320 Acharnensium

177 1356 379 1422 celebranda.
435 1357 612 1435 Quotannis
643 1356 779 1441 parasiti
808 1356 1026 1439 eligebantur,
1059 1359 1114 1441 qui
1145 1359 1327 1423 necessaria

177 1481 251 1524 cum
274 1459 427 1524 archonte
450 1460 627 1542 ceterisque
649 1459 892 1541 magistratibus
914 1460 1075 1524 societatis
1094 1466 1246 1525 curarent
1261 1482 1326 1525 om-

177 1565 242 1626 nia.
287 1562 376 1625 Inter
397 1562 584 1644 gravissima
606 1567 714 1626 autem
737 1561 953 1646 parasitorum
976 1563 1105 1644 negotia
1126 1562 1225 1627 fuisse
1240 1563 1327 1628 ride-

178 1671 232 1729 tur
253 1663 407 1728 frumenti
429 1664 580 1730 delectus.
635 1665 686 1728 Ex
709 1665 813 1728 verbis
834 1664 914 1747 legis
936 1664 1146 1746 intelligimus
1168 1666 1326 1749 parasito·

177 1789 249 1832 rum
280 1766 428 1849 cuiquam
459 1772 580 1830 certam
609 1772 736 1850 partem
765 1771 871 1829 terrae
898 1787 966 1832 esse
993 1767 1167 1846 tributam,
1201 1789 1241 1832 ex
1263 1788 1328 1851 qua

177 1869 373 1934 frumentum
396 1868 545 1951 exigeret.
596 1868 783 1933 Possidebat
805 1873 930 1946 autem,
964 1890 1027 1951 quo
1049 1868 1205 1954 templum
1227 1870 1327 1953 quod-

177 1991 239 2056 que
261 1970 384 2054 majore
406 1975 477 2035 erat
498 1970 670 2053 dignitate,
701 1992 739 2035 eo
762 1970 880 2035 latiora
901 1991 995 2051 arva,
1020 1993 1156 2054 quorum
1179 1994 1218 2037 ex
1241 1972 1325 2037 loca-

176 2076 264 2139 tione
280 2079 426 2156 sumptus
440 2073 640 2157 publicorum
656 2094 821 2137 sacrorum
835 2073 1099 2152 tolerarentur4).
1138 2074 1191 2139 Sic
1207 2074 1328 2139 Achar-

178 2176 286 2241 nensis
308 2196 432 2258 quoque
455 2175 612 2259 Apollinis
639 2197 750 2259 agros,
785 2175 942 2240 Acharnis
971 2182 1003 2240 et
1032 2177 1065 2240 iu
1096 2177 1207 2240 vicinis
1236 2178 1327 2260 pagis

177 2280 266 2357 sitos,
288 2277 511 2343 conduxerant
532 2278 678 2344 nonnulli
702 2278 862 2358 homines,
897 2301 937 2344 ex
966 2278 1082 2362 quibus
1102 2280 1238 2363 parasiti
1258 2280 1325 2344 fru-

177 2381 278 2446 menti
300 2382 450 2446 decumas
472 2381 608 2445 fortasse
630 2381 846 2445 mercedulam
869 2403 996 2465 quoque
1011 2381 1138 2465 exigere
1154 2382 1323 2447 debebant.

178 2484 329 2549 Ceterum
360 2504 400 2548 ex
421 2505 613 2567 unoquoque
634 2484 722 2548 illins
744 2484 905 2549 societatis
927 2505 1037 2548 sacrae
1060 2504 1144 2568 pago
1165 2506 1249 2549 unus
1269 2506 1325 2569 pa·

177 2587 296 2651 nasitus
325 2586 375 2650 vel
403 2586 469 2650 bini
491 2586 683 2651 creabantur
706 2625 744 2633 —
769 2588 803 2651 in
825 2587 1032 2671 inscriptione
1055 2586 1271 2652 anathematis
1293 2589 1326 2652 iu

176 2688 298 2771 templo
327 2688 489 2753 Minervae
518 2689 716 2754 Pallenensis
746 2690 808 2755 duo
836 2690 972 2775 parasiti
1002 2690 1143 2772 ejusdem
1176 2690 1251 2774 pagi
1282 2712 1324 2755 sc.

178 2791 325 2874 Gargetti
345 2792 554 2856 nominantur
566 2795 595 2875 ⁵)
619 2830 659 2839 —
683 2796 740 2855 aut
762 2814 820 2876 pro
843 2792 1050 2857 multitudine
1072 2791 1248 2857 incolarum
1269 2814 1325 2877 pa-

177 2895 351 2959 rasitorum
373 2915 525 2958 uumerus
547 2900 618 2959 erat
639 2895 840 2960 constitutus.
895 2895 1052 2960 Acharnis
1074 2916 1149 2959 vero
1170 2895 1248 2979 ipsis
1269 2917 1326 2979 per

177 3104 384 3115 *-

178 3257 235 3326 sui,
262 3272 325 3309 oum
343 3272 378 3309 ex
396 3254 489 3309 verbis
508 3249 565 3304 ἀπὸ
582 3254 630 3317 τῆς
648 3250 763 3322 ἐκλογῆς
779 3254 956 3338 τῶν(κριθῶν
972 3255 1118 3321 appareat,
1149 3239 1240 3321 ipsum
1266 3271 1325 3307 ver-

178 3346 246 3399 bum
264 3344 384 3412 ἐκλέγειν
401 3359 457 3395 non
474 3341 509 3394 de
528 3341 626 3409 bubus,
645 3340 694 3393 sed
713 3341 748 3394 de
765 3340 905 3393 frumento
923 3356 982 3392 esse
1000 3340 1028 3392 h.
1045 3341 1063 3393 1.
1082 3344 1253 3410 usurpatum.

251 3432 272 3500 ¹)
308 3429 379 3483 Nam
398 3428 466 3481 cirea
488 3428 670 3482 Athenienses
688 3432 754 3481 sunt
772 3430 800 3480 ot
818 3425 917 3485 ὄντες
930 3424 1078 3494 Ἀθηναῖοι.
1116 3429 1151 3484 cf.
1169 3429 1324 3497 Thuchl,

179 3515 253 3575 8τά
272 3512 353 3569 ὄντα
372 3514 556 3586 ἀπαγγέλλειν
574 3533 658 3585 „vera
674 3516 831 3570 nuntiaret
865 3515 971 3569 Preller
988 3517 1006 3571 l.
1025 3519 1044 3571 l.
1062 3536 1090 3586 p.
1110 3520 1174 3572 122:
1203 3519 1231 3568 ot
1248 3511 1324 3574 ὄντες

179 3606 316 3672 Ἀθηναῖοι
333 3606 350 3658 i.
370 3622 393 3658 e.
412 3606 503 3673 „cives
521 3604 651 3673 genuini“
670 3604 792 3673 oppositi
809 3606 868 3661 τοῖς
884 3599 988 3661 νόθοις.

251 3693 275 3762 2)
311 3691 346 3746 cf.
364 3691 399 3745 de
417 3692 472 3746 situ
490 3691 548 3760 ejus
566 3692 644 3747 Roas.
660 3690 767 3745 Demen
784 3708 811 3760 p.
825 3693 869 3745 62.

249 3780 272 3848 3)
307 3780 329 3847 Ι,
349 3781 390 3846 31,
409 3782 432 3834 6.
455 3810 489 3819 -
511 3779 601 3833 Schol.
619 3779 705 3833 Arist.
722 3778 797 3832 Plut.
815 3780 874 3832 621.

248 3868 271 3936 ⁴)
305 3867 341 3921 cf.
358 3867 465 3920 Petitus
482 3868 500 3920 l.
519 3868 539 3920 l.
556 3885 583 3936 p.
605 3869 664 3922 160.
705 3866 869 3935 Harpocrat.
890 3884 917 3920 v.
942 3860 1000 3916 ἀπὸ
1024 3859 1222 3935 protopatres.
1264 3864 1323 3931 Qua

178 3975 210 4012 re
227 3958 262 4010 de
279 3972 357 4009 sacro
375 3954 513 4009 frumento
532 3955 623 4024 campi
639 3953 738 4008 Rharii
763 3954 810 4017 (of.
828 3953 909 4006 Paua.
927 3954 948 4021 Ι,
967 3956 1010 4020 38,
1029 3954 1057 4017 6)
1082 3953 1109 4005 h.
1127 3952 1146 4004 l.
1170 3968 1226 4006 non
1249 3951 1322 4020 cogi·

177 4045 295 4099 tandum
312 4046 361 4096 est.

249 4132 272 4199 ⁵)
307 4130 343 4184 cl.
360 4130 460 4185 Athen.
477 4131 516 4185 VI
532 4147 560 4198 p.
579 4132 631 4184 234
647 4130 679 4184 F.
