2750 4575
699 190 739 251 23

147 379 374 445 amicissimum
393 380 423 465 ¹)
443 380 571 464 proprie
593 381 759 465 pertinent
773 374 964 463 παράσιτοι,
988 380 1022 446 hi
1036 379 1132 464 primi
1148 382 1289 447 omnium

146 483 280 566 parasiti
309 504 329 546 a
351 484 548 566 παρασιτεῖν
568 503 685 547 nomen
708 488 909 568 acceperunt.
955 482 1102 548 Herculis
1122 483 1221 566 igitur
1242 484 1290 568 ip

146 585 212 648 sius
233 585 325 668 quasi
347 589 441 649 eraut
462 584 621 663 convivae,
644 585 696 649 oui
718 586 784 650 suis
799 584 956 651 sumtibus
971 584 1096 668 largum
1111 586 1290 655 convivium

144 688 366 752 instruxerant
382 689 420 766 ²).
476 685 539 750 Sed
561 707 662 753 novae
694 688 841 753 oriuntur
862 688 1066 771 quaestiones
1087 708 1159 765 eae,
1192 709 1290 771 quam

144 809 241 872 saepe
261 789 323 854 hae
344 788 458 872 epulae
480 788 545 852 sint
567 789 758 869 celebratae,
781 812 858 856 num
881 790 976 855 certis
998 789 1188 873 quibusdam
1210 796 1290 855 tem·

143 890 276 975 poribus
297 891 370 956 novi
390 890 551 956 subsecuti
573 891 638 955 sint
658 893 812 974 parasiti,
850 898 990 976 quantus
1017 892 1116 957 fuerit
1137 914 1290 959 numerus

143 993 382 1077 parasitorum,
416 1013 493 1056 num
520 999 648 1076 praeter
671 994 868 1059 sacerdotem
891 996 1113 1080 parasitusque
1135 995 1191 1059 alii
1213 1018 1290 1079 quo·

145 1114 208 1180 que
237 1094 444 1159 interfuerint
470 1094 583 1178 epulis.
628 1095 750 1173 Quibus
778 1097 1018 1180 quaestiouibus
1040 1097 1188 1161 omnibus
1209 1099 1290 1164 certi

144 1197 193 1264 nil
220 1197 407 1282 responderi
433 1202 548 1281 potest.
607 1197 670 1263 Sed
699 1199 889 1281 respiciendi
917 1204 993 1263 sunt
1023 1199 1086 1264 duo
1115 1199 1178 1263 loci
1206 1200 1290 1265 alter

144 1300 351 1384 Theopompi,
373 1298 456 1363 alter
479 1298 636 1364 Athenaei
659 1321 699 1364 ex
721 1301 837 1383 quibus
859 1301 898 1364 de
921 1300 1147 1366 vetustioribus
1168 1303 1290 1385 parasi-

144 1404 189 1470 tis
211 1401 368 1467 nonnulla
390 1400 478 1465 haud
500 1401 595 1466 dubie
617 1409 751 1487 possunt
772 1402 927 1468 concludi.
973 1403 1063 1467 Alter
1084 1403 1173 1469 locus
1187 1404 1289 1470 Theo·

145 1505 253 1589 pompi
268 1506 297 1584 3)
320 1508 368 1568 est
389 1503 459 1568 hio:
484 1497 608 1588 ἱστορεῖ
629 1506 689 1586 (sc.
712 1505 924 1590 Theopomp.)
946 1503 983 1570 δὲ
1005 1502 1082 1591 περὶ
1104 1498 1205 1571 αότοῦ
1227 1510 1286 1590 (so.

149 1601 339 1683 Φιλίππου)
360 1599 406 1683 ὡς
426 1608 498 1684 τοῖς
516 1600 712 1693 Ἀθήνησιν,
743 1601 790 1685 εἷς
812 1603 856 1672 τὸ
878 1606 1060 1690 Διομέων
1078 1602 1289 1694 Ἡράκλει-

143 1731 188 1773 ον
202 1712 232 1788 4)
259 1702 510 1793 ἀθροιζομένοις
530 1711 602 1786 τοῖς
622 1704 664 1773 τά
686 1707 799 1792 γέλοια
820 1707 969 1795 λέγουσιν
990 1703 1193 1777 ἀπέστελλεν
1215 1706 1288 1775 ἱκα-

141 1805 201 1876 νὸν
229 1806 402 1896 κερμάτιον
429 1807 486 1874 καὶ
511 1808 722 1895 προσέτασσέ
750 1834 838 1878 τισιν
864 1806 1112 1899 ἀναγράφοντας
1133 1810 1174 1878 τά
1196 1810 1289 1899 λεγό-

140 1937 227 1997 μενα
247 1905 304 1979 ὑπ’
327 1906 434 1977 αότιῦν
455 1905 674 1979 ἀποστέλλειν
697 1911 782 1998 πρὸς
805 1908 914 1980 αότόν.
962 1915 1146 1980 Athenaeus
1162 1919 1190 1997 ⁵)
1213 1917 1291 1982 dicit

142 2017 244 2082 haec:
281 2015 417 2102 πλῆθος
444 2008 473 2080 d'
496 2005 535 2102 ἧν
562 2022 616 2095 (sc.
639 2015 884 2098 γελωτοποιῶν)
903 2011 1068 2105 Ἀθήνῃσι
1089 2022 1148 2104 τῆς
1170 2014 1291 2104 σοφίας

141 2113 277 2205 ταύτης·
301 2115 335 2182 ἐν
356 2121 433 2201 γοῦν
454 2121 507 2203 τῷ
528 2116 713 2200 Διομέων
731 2113 950 2205 Ἡρακλείῳ
972 2118 1181 2203 συνελέγοντο
1202 2115 1289 2208 ἑξή-

142 2244 267 2287 κοντα
300 2214 390 2298 ὄντες
418 2217 476 2284 τὸν
503 2212 649 2307 ἀριθμου
676 2217 734 2285 καὶ
761 2219 795 2286 ἒν
821 2225 862 2311 τῇ
888 2217 987 2289 πόλει
1013 2220 1050 2290 δὲ
1072 2215 1288 2306 ὠνομάζοντο,

143 2320 192 2402 ὥς
212 2318 266 2406 „oi
282 2318 436 2412 ἑξήκοντα
449 2315 538 2388 τοῦτ’
553 2315 672 2388 εἶπον(ι
695 2321 750 2389 καὶ
769 2318 861 2405 ,ἀπὸ
877 2329 942 2389 τῶν
956 2320 1111 2413 ἑξήκοντα
1126 2322 1293 2412 ἐρχομαι.“

218 2583 237 2651 Ι)
274 2580 307 2635 of.
326 2580 422 2649 Eurip.
440 2579 548 2645 Alcest3
570 2577 712 2647 Aristoph.
732 2595 809 2647 aves,
828 2578 918 2632 Plaut.
938 2578 1022 2632 Stich.
1037 2578 1072 2648 ΙΙ,
1087 2583 1171 2648 1,7o;
1190 2580 1292 2636 Athen.

142 2671 173 2726 X
189 2688 216 2739 p.
230 2671 291 2723 412.
309 2669 343 2722 A.
360 2668 391 2721 B.
1350 2675 1351 2678 ’

215 2758 238 2824 ²)
272 2756 345 2809 Huic
362 2756 403 2808 rei
419 2772 475 2808 non
493 2753 652 2821 obloquitur
670 2756 825 2807 ceterorum
844 2754 1000 2823 spuriorum
1018 2754 1143 2822 syntelia.
1163 2755 1198 2810 of.
1211 2773 1238 2825 p.
1250 2760 1291 2812 14.

215 2847 238 2914 ³)
273 2844 309 2898 cf.
326 2843 427 2897 Athen.
444 2843 491 2910 VI,
510 2860 537 2911 p.
557 2844 609 2895 260
628 2841 662 2894 A.

216 2934 239 3000 4)
273 2933 350 2987 Idem
366 2934 409 2984 est
427 2948 460 2984 ao
476 2930 642 2984 Heracleum
659 2928 689 2981 in
707 2927 876 2997 Cynosarge,
902 2944 966 2981 nam
985 2927 1154 3000 Cynosarges
1172 2929 1201 2982 in
1218 2946 1291 3000 pago

142 3023 265 3092 Διομελρι
288 3019 416 3089 (Hesych.
433 3036 460 3073 r.
480 3020 594 3087 Διομεῖς
617 3016 697 3069 Roas.
714 3016 820 3068 Damon
843 3032 870 3083 p.
890 3017 934 3074 67)
961 3015 1046 3067 situm
1070 3019 1143 3084 erat,
1172 3017 1219 3086 qui
1243 3022 1291 3072 aut

142 3113 211 3164 ante
227 3112 322 3177 portas
337 3106 449 3175 jacebat
467 3104 512 3171 (oi.
530 3104 611 3173 Diog.
629 3103 721 3155 Laert.
740 3102 787 3168 Vl,
807 3105 830 3168 l,
851 3104 892 3154 13.
928 3100 1051 3154 Antisth.
1070 3100 1205 3171 διελέγετο
1224 3102 1250 3155 δ’
1261 3105 1291 3158 ἐν

142 3189 318 3265 Κυνοσάργει
335 3196 479 3264 γυμνασίῳ
494 3188 596 3263 μικρὸν
613 3186 723 3241 tunsa
741 3191 796 3240 τῶν
813 3188 914 3241 πυλῶν.
941 3218 974 3225 -
1010 3188 1145 3259 Gdttling.
1163 3191 1291 3247 Berichte

144 3286 174 3340 d.
191 3282 341 3339 Verhandl.
364 3281 391 3334 d.
413 3281 478 3350 Kgl.
498 3280 585 3334 sitohs.
605 3278 667 3332 Ges.
686 3278 713 3331 d.
734 3277 814 3329 Wiss.
849 3275 920 3329 Phil.
939 3276 1004 3328 hist.
1022 3274 1060 3329 Cl.
1078 3277 1125 3331 VI.
1151 3281 1228 3332 1854.
1263 3297 1290 3348 p.

146 3375 181 3427 19
201 3376 252 3439 sq.)
271 3374 319 3423 aut
336 3373 444 3437 partem
462 3369 540 3422 urbis
557 3368 644 3435 ipsius
662 3363 922 3433 comprehendebat.
963 3363 1127 3419 Pertinebat
1143 3369 1236 3420 autem
1254 3368 1290 3421 ad

142 3459 258 3530 phylum
280 3457 432 3526 Aegeidem
455 3455 501 3524 (of.
520 3456 604 3509 schol.
622 3454 708 3508 Arist.
727 3470 785 3507 ran.
805 3455 866 3508 651.
892 3450 943 3504 τάν
962 3455 1111 3523 Διομείοις·
1137 3451 1225 3523 δῆμος
1243 3457 1291 3520 τῆς

143 3545 284 3617 Αἰγηίδος
308 3547 395 3614 φυλῆς
417 3539 474 3593 ἀπὸ
498 3538 608 3612 Διόμου
631 3542 792 3612 (ἐρωμένου)
817 3544 867 3593 τοῦ
888 3536 1056 3610 Ἡρακλέους·
1081 3541 1141 3594 ἔστι
1158 3539 1191 3595 di
1207 3538 1290 3611 Ἡρά-

143 3637 236 3689 κλειον
253 3628 371 3700 αὐτόθι).
415 3632 457 3684 Ι)ο
474 3631 584 3683 nomine
602 3630 676 3684 demi
694 3628 729 3682 of.
747 3629 876 3683 Photium
893 3647 918 3683 v.
937 3623 1112 3700 Κυνόσαργες
1129 3633 1290 3699 ceterosque

143 3721 349 3794 grammaticos.
389 3719 492 3785 Quodsi
516 3717 612 3786 Steph.
635 3717 701 3785 Byz.
725 3734 752 3771 u.
774 3712 950 3786 Κυνόσαργες
975 3717 1018 3769 ed.
1037 3716 1164 3770 Meiueke
1186 3735 1289 3788 pagum

141 3812 236 3880 ipsum
258 3803 434 3878 Κυνόσαργες
457 3806 629 3861 nominatum
652 3822 712 3858 esse
734 3808 843 3873 narrat,
867 3804 936 3858 fides
961 3804 986 3857 ei
1008 3821 1064 3858 non
1088 3807 1130 3857 est
1153 3805 1289 3874 habenda,

145 3915 210 3954 oum
227 3897 256 3950 in
274 3893 501 3963 inscriptionibus
518 3893 676 3947 inveniatur
693 3910 782 3960 nemo,
801 3893 847 3962 qui
865 3892 1015 3961 Cynosargi
1034 3892 1113 3947 demo
1134 3892 1289 3961 adscriptus

145 3966 296 4051 uentos.
315 3981 347 4036 o.
364 3982 466 4036 uetur
484 3981 519 4034 aa
536 3981 671 4035 neonium
688 3982 707 4035 1.
725 3980 763 4049 i).

218 4071 240 4138 ⁵)
275 4069 340 4124 XIV
357 4087 383 4138 p.
398 4072 450 4124 614
467 4068 499 4122 D.
