2750 4575
727 150 766 211 32

174 344 281 422 queat.
326 342 415 406 Inter
438 362 516 424 quos
538 341 677 405 honores
699 339 813 424 epulae
836 340 934 416 istae,
962 339 997 402 ni
1018 337 1128 418 fallor,
1152 339 1272 405 cotidie
1297 341 1329 404 ei

174 444 388 526 parasitisque
411 444 579 533 institutae
602 443 820 508 numerandae
843 448 918 506 sunt
939 442 1119 525 praecipue.

259 545 321 609 Sed
340 547 409 629 jam
433 547 473 612 ad
496 568 550 612 eos
572 546 733 629 parasitos
755 544 986 609 transeundum
1008 544 1100 608 nobis
1123 549 1187 620 est,
1211 544 1270 627 qui
1293 543 1329 606 in

181 645 318 710 aliorum
350 648 482 714 deorum
514 648 652 713 cultibus
681 653 979 712 commemorantur.
1023 645 1114 725 Quod
1138 647 1165 709 si
1185 644 1329 709 facimus

173 745 243 812 fieri
266 770 331 813 non
353 756 475 834 potest,
505 757 542 814 ut
563 751 682 833 ubique
705 751 744 814 de
767 750 921 833 cujusque
943 749 1049 813 cultus
1069 749 1223 831 parasitis
1247 748 1328 812 solis

173 849 385 932 disseramus,
420 874 491 918 cum
514 860 631 917 natura
652 852 790 917 fontium
812 847 854 916 sit
877 873 929 927 ea,
963 872 1046 933 quae
1069 872 1163 934 saepe
1188 850 1327 914 dubium

172 951 352 1034 relinquat,
383 955 425 1018 ad
447 955 607 1038 parasitos
630 955 796 1037 cujusnam
820 955 871 1019 dei
893 955 1078 1039 pertineant
1099 975 1151 1033 ea,
1181 954 1326 1036 quaein

172 1053 314 1120 fontibus
338 1056 416 1140 ipsis
438 1056 560 1122 tradita
582 1061 666 1121 sunt.
869 1046 872 1051 ⁵

258 1158 348 1221 Inter
370 1164 508 1239 ceteros,
547 1180 626 1244 quos
655 1159 695 1222 de
716 1157 868 1241 parasitis
889 1158 1068 1222 invenimus
1088 1159 1174 1222 locos
1196 1179 1326 1222 summa

172 1260 438 1353 auctoritateest
452 1260 513 1340 lex,
537 1282 618 1343 quae
642 1261 759 1326 dicitur
780 1261 876 1343 regia.
923 1260 1022 1344 Cujus
1038 1261 1123 1344 quod
1137 1260 1325 1344 fragmenta

172 1362 274 1425 solum
298 1383 399 1446 eaque
421 1364 498 1427 satis
521 1363 662 1428 lacerata
684 1363 776 1427 nobis
798 1368 925 1426 servata
946 1368 1022 1427 sunt
1037 1363 1130 1427 valde
1146 1362 1325 1427 dolendum

173 1468 236 1544 est,
268 1465 345 1548 quia
373 1465 400 1529 si
429 1471 500 1530 tota
528 1466 620 1531 nobis
642 1470 769 1529 servata
790 1470 874 1528 esset
898 1465 937 1530 de
962 1465 1202 1529 Atheniensium
1224 1465 1325 1529 rebus

174 1568 273 1632 sacris
296 1569 514 1652 ignoraremus
536 1569 601 1633 fere
617 1567 709 1631 nihil.
754 1567 852 1630 Porro
868 1567 986 1632 accidit
1000 1567 1209 1647 incommodo,
1233 1567 1322 1648 quia,

173 1676 252 1752 quot
282 1670 352 1753 ejus
380 1670 539 1753 fragmina
567 1676 707 1735 aetatem
724 1668 881 1735 'tulerunt
909 1669 1065 1736 Athenaei
1095 1676 1215 1733 temere
1244 1690 1323 1733 con-

172 1772 299 1856 scriptis
322 1773 412 1838 libris
436 1772 478 1836 ad
501 1794 558 1837 nos
580 1777 811 1856 pervenerunt,
849 1773 998 1856 quicum
1021 1774 1115 1837 modo
1138 1772 1200 1836 huo
1224 1770 1322 1836 modo

171 1874 249 1938 illuc
272 1875 447 1958 quidquam
470 1880 668 1958 excerperet,
689 1874 793 1938 multa
815 1875 958 1940 sednon
980 1877 1118 1941 multum
1140 1875 1231 1940 nobis
1253 1880 1323 1939 tra·

172 1976 264 2042 didit.
289 2016 329 2025 -
579 2063 580 2066 Ν
947 1964 949 1967 ’

257 2078 342 2144 Satis
363 2084 477 2145 notum
498 2083 547 2144 est
569 2077 755 2143 archontem
777 2099 884 2161 regem
908 2100 1008 2162 aeque
1031 2085 1128 2164 atquc
1151 2064 1237 2164 apud
1257 2079 1320 2142 Ro-

171 2202 284 2246 manos
311 2203 417 2264 regem
446 2180 660 2246 sacrificulum
683 2180 768 2244 solas
790 2202 842 2245 res
864 2203 971 2247 sacras
993 2183 1166 2263 curavisse,
1198 2187 1236 2245 ut
1257 2182 1320 2245 rite

172 2283 411 2349 celebrarentur
429 2289 463 2364 ¹).
510 2284 572 2350 Sed
595 2283 715 2348 erravit
736 2284 896 2350 Prellerus
919 2285 951 2366 (l.
976 2285 1013 2365 l.)
1036 2285 1122 2370 quod
1143 2286 1211 2370 ipse
1233 2290 1320 2369 post·

171 2406 210 2450 ea
232 2386 393 2451 intellexit
409 2388 449 2472 2),
477 2388 532 2470 qui
554 2392 693 2470 putaret,
717 2409 824 2470 regem
847 2389 951 2472 ipsum
974 2388 1013 2454 de
1035 2389 1131 2453 rebus
1153 2388 1252 2452 sacris
1276 2387 1318 2450 le-

171 2509 226 2571 ges
254 2488 373 2554 tulisse.
423 2489 525 2553 Immo
551 2489 603 2553 lex
636 2490 795 2571 quaedam
824 2492 989 2570 exstabat,
1023 2493 1074 2556 cui
1102 2486 1218 2555 nomen
1248 2495 1320 2554 erat

170 2586 270 2673 νόμος
283 2588 456 2674 βασιλέως,
478 2612 542 2675 qua
564 2592 712 2657 videntur
733 2595 931 2678 praescripta
953 2615 1030 2674 esse,
1052 2613 1261 2678 quaecunque
1278 2591 1318 2655 ad

170 2714 223 2758 res
245 2715 352 2759 sacras
374 2695 581 2778 pertinebant
596 2697 635 2776 3).
681 2696 883 2780 Quamquam
913 2702 1061 2761 accurate
1089 2697 1156 2761 dici
1177 2717 1241 2759 non
1262 2715 1317 2779 po

171 2800 250 2873 test,
271 2818 334 2879 quo
355 2804 499 2880 tempore
522 2796 578 2861 illa
600 2797 668 2878 lex,
692 2800 783 2883 cujus
805 2799 986 2882 fragmenta
1008 2799 1191 2863 Athenaeus
1213 2817 1317 2861 serva·

171 2899 225 2977 vit,
247 2896 315 2961 lata
337 2898 388 2979 sit,
409 2919 469 2983 pro
491 2904 578 2964 certo
602 2905 711 2966 tamen
734 2902 835 2985 accipi
857 2907 972 2986 potest,
996 2906 1069 2986 post
1085 2900 1230 2966 Solonem
1245 2920 1316 2963 eam

171 3020 239 3064 esse
262 3007 382 3080 ortam,
418 3023 488 3066 curn
514 3003 626 3067 verba:
665 3000 749 3068 κατὰ
771 2999 813 3068 τὰ
834 3002 1036 3090 γεγραμμένα
1051 3007 1079 3084 4)
1108 3004 1245 3087 probare
1271 3002 1316 3067 vi-

171 3103 325 3182 deantur,
358 3106 568 3187 praecessisse
590 3106 686 3171 aliam
710 3106 827 3191 legem,
860 3110 893 3171 ni
916 3107 1027 3187 fallor,
1062 3107 1203 3185 Solonis,
1240 3111 1316 3169 ante

243 3401 263 3469 ¹)
300 3401 334 3455 cf.
359 3402 465 3455 Preller
492 3403 551 3456 Pol.
575 3402 674 3473 fragm.
701 3423 729 3474 p.
749 3409 808 3460 118.
844 3407 951 3461 Petitur
978 3409 1050 3477 legg.
1073 3409 1131 3462 Att.
1156 3426 1183 3477 p.
1204 3411 1261 3463 158.
1285 3439 1310 3448 -

169 3487 268 3541 Pollux
285 3489 359 3559 VIII,
378 3492 420 3543 90.
442 3517 474 3529 -
505 3491 540 3544 de
557 3491 743 3547 Romanorum
761 3513 826 3564 rege
844 3495 998 3550 sacrificulo
1016 3496 1118 3550 Livius.
1154 3498 1189 3564 H,
1209 3499 1233 3549 2.
1253 3514 1314 3550 curn

170 3576 272 3628 inter.

241 3592 265 3730 {l
302 3662 337 3715 cf.
355 3662 468 3716 Preller.
502 3663 560 3717 Pol.
579 3664 678 3735 fragm.
697 3669 816 3725 addend.
836 3674 864 3724 et
882 3672 981 3739 corrig.

241 3749 263 3817 3)
299 3749 333 3810 ci.
357 3750 446 3803 Meier
468 3769 495 3805 u.
519 3752 700 3809 Schoemann.
720 3758 780 3812 Att.
803 3758 882 3812 Proc.
904 3776 931 3828 p.
953 3762 1012 3812 171.
1031 3775 1103 3812 anm.
1125 3761 1157 3811 15
1179 3759 1228 3813 ubi
1246 3761 1314 3812 alise

171 3836 246 3904 leges
265 3837 451 3908 nominantur,
470 3857 541 3908 quae
560 3857 576 3893 a
593 3859 712 3910 persona
724 3844 791 3914 ejus,
810 3846 845 3899 ad
863 3863 945 3915 quern
962 3846 1148 3916 pertinebant,
1167 3863 1223 3900 non
1242 3864 1258 3900 a
1274 3864 1312 3914 re,

171 3922 206 3976 de
224 3940 279 3991 qua
297 3924 370 3977 latae
389 3931 475 3995 erant,
493 3945 594 3982 nomen
612 3937 786 3999 acceperunt.

240 4010 264 4078 ⁴)
299 4012 400 4066 Athen.
419 4014 457 4070 VI
474 4033 501 4085 p.
521 4017 573 4070 235
592 4015 619 4070 O.
