2750 4575
697 162 739 222 54

148 347 227 418 θύον
254 349 338 435 μέγα
365 344 579 437 ἅνδρύμηκες,
612 341 801 436 ἡρμοσμένα
827 342 900 429 ἔρον
926 342 1005 429 ξύλα
1029 344 1214 434 τετράγωνα
1236 345 1305 426 τὰς

149 450 291 539 πλευρὰς
312 448 474 530 πλατείας
495 449 610 534 {possa
630 447 686 515 καὶ
708 445 905 536 γραμμάτων
919 447 1064 538 πλήρεις·
1088 445 1304 538 ἑκατέρωθεν

149 553 186 622 δὲ
199 551 375 635 κνιύὸακας,
399 550 485 620 ὥστε
506 557 675 620 κινεῖσθαι
695 551 752 617 καὶ
773 552 1015 640 περιφέρεσθαι
1038 547 1103 618 ὑπὸ
1124 557 1190 618 σῶν
1210 547 1303 618 ἅνα-

148 654 399 743 γιννωσκόντων,
423 658 478 741 qui
500 662 593 721 caute
610 656 811 721 adhibendus
833 662 890 735 est,
914 658 1032 740 quippe
1054 656 1087 720 in
1110 678 1172 740 quo
1194 657 1305 723 verba

147 758 234 849 πλὴν
255 799 296 809 -
319 755 428 841 thccue
448 763 580 843 propter
602 759 790 824 vocabulum
805 751 903 823 ούσία
918 761 942 841 ¹)
958 765 1043 822 recte
1060 780 1124 823 non
1141 758 1302 839 habeant,

147 864 276 929 illarum
306 863 525 927 columnarum
555 860 659 944 figura
688 868 786 945 atque
813 867 1036 942 argumentum
1063 862 1191 925 omnino
1219 882 1303 926 con·

148 971 223 1031 stat.
268 965 379 1048 Neque
408 970 457 1028 est
485 985 542 1028 cur
572 964 797 1028 auctoritatem
822 962 936 1028 horum
958 965 1088 1027 testium
1110 963 1301 1041 ullomodo

149 1067 384 1132 addubitemus.
429 1067 570 1130 Primum
594 1066 694 1149 igitur
713 1065 881 1128 discrimen
896 1065 977 1128 inter
991 1060 1119 1151 κύρβεις
1133 1046 1303 1146 αι’ύξσνας

149 1169 265 1234 exstitit
286 1168 407 1231 nullum
426 1168 481 1251 (cf.
499 1170 630 1233 Aristot.
656 1190 707 1252 ap.
732 1167 815 1232 Plut.
839 1167 860 1230 l.
877 1166 897 1232 l.
922 1172 955 1232 et
977 1167 1137 1232 Plutarch.
1162 1169 1298 1251 ipsum).

149 1273 192 1336 At
222 1274 351 1335 exstant
378 1272 530 1355 permulti
559 1271 637 1351 loci,
668 1271 724 1336 ubi
751 1273 860 1352 aperte
882 1269 921 1333 de
944 1266 1129 1334 diversitate
1150 1265 1301 1354 κύρβεων

148 1380 181 1439 et
201 1365 324 1454 ἀξόνων
345 1394 448 1437 sermo
471 1373 522 1452 sit,
549 1374 606 1452 ita,
629 1379 666 1437 ut
688 1364 800 1452 ύξσνες
821 1371 1045 1456 quadranguli,
1067 1366 1195 1458 κύρβεις
1217 1394 1299 1437 vero

148 1476 301 1559 trianguli
317 1497 393 1556 esse,
417 1475 450 1539 hi
464 1474 518 1559 jus
539 1475 701 1560 publicum
724 1479 821 1557 atque
843 1494 978 1554 sacrum,
1001 1474 1048 1539 illi
1060 1476 1115 1558 jus
1128 1476 1299 1558 privatum

148 1579 312 1644 continere
339 1579 488 1642 dicuntur
516 1577 568 1659 (of.
599 1577 703 1643 Schol.
733 1577 786 1640 Ar.
817 1597 866 1641 av.
901 1581 990 1641 1354.
1038 1578 1182 1642 Ammon.
1213 1573 1301 1661 περὶ

150 1675 315 1768 διαφόρων
344 1678 460 1762 λέξεων
489 1701 519 1764 p.
543 1684 585 1744 20
612 1679 662 1745 ed.
685 1677 896 1743 Valckenaer.
927 1680 1088 1744 Eratostb.
1112 1701 1163 1764 ap.
1187 1679 1297 1744 Schcl.

149 1782 255 1868 Apoll.
278 1783 331 1861 IV,
353 1787 417 1847 280
439 1787 471 1846 et
493 1803 543 1867 ap.
567 1783 672 1865 Etym.
696 1781 739 1846 M.
765 1781 853 1846 Suid.
899 1782 1056 1847 Zenobius
1078 1783 1132 1861 IV,
1156 1788 1194 1845 77
1217 1802 1299 1865 par-

148 1885 298 1968 cemiogr.
328 1884 378 1950 ed.
401 1884 549 1949 Leutsch.
573 1885 589 1949 I
616 1907 646 1969 p.
674 1889 733 1948 105
757 1889 841 1965 cet).
897 1884 1049 1967 inprimis
1072 1889 1179 1948 autem
1201 1883 1299 1949 Pole-

147 1987 251 2067 moni,
286 1988 526 2052 accuratissimo
556 1986 785 2070 antiquitatum
808 1987 1014 2070 perquisitori
1036 1980 1296 2073 (Σιρλοκόπας),

148 2089 229 2154 fides
250 2088 399 2154 habenda
421 2094 485 2167 est,
508 2090 563 2172 qui
584 2090 616 2153 in
640 2088 765 2169 libello,
794 2110 889 2171 quem
911 2095 1023 2153 contra
1046 2087 1299 2153 Eratosthenem

147 2193 290 2276 scripsit,
320 2192 484 2256 contendit
506 2213 581 2255 axes
605 2184 762 2272 (ύξσνας),
790 2211 870 2275 quos
892 2192 964 2257 aliis
984 2192 1062 2256 locis
1084 2187 1213 2275 κύρβεις
1237 2213 1299 2255 no-

147 2297 264 2375 minat,
296 2294 404 2377 aliquo
432 2295 494 2359 situ
523 2296 620 2379 positi
650 2290 743 2376 (ὅταν
772 2292 831 2360 ἐπὶ
858 2292 896 2360 τὸ
926 2292 1038 2361 στενὸν
1064 2295 1209 2361 utrensi
1234 2298 1299 2383 τῆς

147 2392 278 2483 γωνίας)
300 2398 436 2480 speciem
459 2398 627 2480 praebere,
655 2398 747 2481 quasi
770 2398 834 2461 sint
855 2399 1018 2481 trianguli.
1064 2398 1174 2463 Voluit
1194 2398 1298 2480 igitur

146 2500 288 2566 refutare
311 2519 452 2563 errorem
474 2499 697 2565 Eratosthenis
718 2501 927 2583 aliorumque,
950 2502 1005 2584 qui
1028 2500 1183 2583 quosdam
1206 2520 1296 2578 axes,

147 2624 226 2687 quos
248 2597 377 2688 κύρβεις
398 2602 557 2679 dicerent,
588 2603 767 2684 triangulos
795 2623 862 2667 esse
890 2609 1057 2686 putarent,
1089 2625 1159 2665 cum
1187 2624 1297 2664 omnes

147 2714 246 2770 essent
267 2705 490 2790 quadranpuli.
536 2704 647 2787 Neque
669 2704 786 2769 bacin
810 2727 844 2769 re
866 2704 1091 2772 offendendum
1113 2711 1176 2784 est,
1206 2705 1297 2788 quod

147 2809 187 2875 de
209 2809 305 2872 variis
326 2809 524 2892 argumentis
545 2801 668 2895 α’ξόνων
683 2813 716 2871 et
729 2802 872 2892 κύρβεων
894 2809 985 2873 nobis
1006 2809 1162 2874 tradatur.
1208 2808 1297 2872 Nam

147 2912 202 2977 ubi
226 2911 323 2976 semel
347 2911 453 2994 opinio
476 2911 533 2975 illa
555 2910 744 2988 increbruit,
776 2932 843 2975 esse
865 2911 951 2976 inter
972 2903 1089 2993 ύξσνας
1110 2917 1142 2975 et
1163 2905 1298 2996 κύρβεις

148 3014 334 3092 discrimen,
374 3007 426 3093 „oi
448 3005 691 3101 ύκριβὲσσερσι“
722 3014 832 3078 statim
855 3014 895 3078 de
916 3020 1105 3095 argumento
1128 3015 1298 3097 perquire-

147 3118 244 3194 bant,
279 3137 414 3199 cumque
443 3138 470 3181 e.
494 3139 523 3199 g.
555 3117 640 3201 apud
663 3116 867 3181 Polemonem
891 3116 1022 3192 (Athen.
1044 3117 1091 3181 VI
1111 3138 1141 3200 p.
1166 3120 1229 3180 234
1254 3117 1297 3195 E)

148 3221 251 3301 legem
274 3216 313 3283 de
335 3219 433 3283 sacris
455 3220 617 3302 quandam
633 3219 815 3282 invenirent
828 3218 860 3281 in
876 3213 1010 3304 κύρβεσι
1025 3221 1186 3302 scriptam,
1211 3217 1299 3282 illud

147 3322 367 3403 neglexerunt,
389 3320 591 3385 Polemonem
615 3322 744 3384 omnino
766 3320 944 3403 promiscue
966 3327 1137 3404 utrumque
1156 3320 1299 3385 vocabu-

148 3424 214 3489 lum
237 3442 403 3506 usurpare‚
428 3428 461 3485 et
482 3442 691 3504 quaecunque
714 3422 799 3502 leges
822 3423 863 3487 ad
885 3444 936 3487 res
955 3444 1062 3488 sacras
1083 3422 1300 3507 pertinerent,

148 3547 203 3592 eas
225 3526 258 3591 in
280 3520 414 3610 κύρβεσι
435 3524 572 3606 scriptas
594 3523 691 3588 fuisse
714 3526 952 3590 constituerunt
967 3528 1005 3607 2).
1057 3524 1119 3590 Sed
1140 3546 1199 3608 pro
1222 3547 1302 3590 men

146 3692 352 3703 ......----

217 3786 237 3853 1)
272 3786 380 3840 Debere
403 3784 514 3838 ridetur
542 3785 684 3855 Aristoph.
707 3786 760 3840 hoc
777 3785 942 3840 vccabulum
960 3785 1118 3854 Asclepiadi
1135 3784 1181 3854 (cf.
1198 3786 1302 3856 Etym.

152 3873 189 3932 M.
209 3891 235 3926 v.
252 3868 353 3943 κύρβ.),
384 3871 431 3939 qui
447 3867 550 3943 κύρβεις
570 3873 726 3926 nominatos
749 3890 808 3926 esse
830 3871 888 3925 ἀπὸ
906 3871 1022 3945 κύρβεως
1038 3878 1088 3926 τοῦ
1103 3871 1152 3933 τὰς
1170 3872 1303 3937 οὐσίας

148 3955 305 4030 ὁρίσαντος,
323 3958 393 4013 falso
410 3963 530 4029 putaret.

220 4045 242 4112 λ)
279 4044 314 4100 cf.
333 4046 447 4101 Photius
466 4065 487 4100 s.
504 4066 530 4101 v.
556 4082 572 4089 -
617 4046 758 4114 Eratosth.
777 4047 807 4099 ll.
824 4048 854 4100 ll.
