2750 4575
686 214 726 276 33

136 423 229 486 quem
252 404 389 486 scriptae
404 402 489 485 leges
504 424 569 467 non
585 409 884 468 commemorantur.
902 443 942 452 —
966 405 1185 488 Incipiendum
1200 403 1280 468 mihi

136 525 203 568 esse
232 504 359 569 videtur
384 527 446 569 non
471 506 511 570 ah
534 527 570 569 eo
593 505 791 588 fragmento,
826 508 910 590 quod
935 508 1118 571 Athenaeus
1140 507 1279 590 primum

135 607 255 692 posuit,
288 608 342 671 sed
365 608 405 672 ah
428 629 464 672 eo
488 609 572 691 quod
595 608 712 690 legitur
733 631 763 692 p.
789 614 849 673 235
874 609 908 673 C.
954 609 1023 674 Hoc
1046 631 1172 692 quoque
1196 608 1280 690 frag-

135 718 279 773 mentum
294 710 478 774 Athenaeus
502 710 590 774 hand
612 711 708 774 dubie
730 732 769 775 ex
792 711 962 774 Polemone
986 711 1103 789 hausit,
1127 733 1223 794 quam
1240 713 1279 775 oh

135 833 201 876 rem
224 813 457 896 huncquoque
480 813 584 877 locum
607 813 639 875 in
662 814 850 890 Polemonis
875 810 957 896 quas
970 814 1106 896 collegit,
1128 813 1281 896 reliquias

135 916 255 999 recepit
277 922 309 979 et
331 917 512 980 accuratius
536 916 574 979 de
597 936 634 978 eo
656 915 781 979 locutus
804 920 899 991 estlt.
943 914 1016 979 Jam
1036 916 1179 979 exscriho
1195 915 1281 998 frag·

134 1026 278 1081 mentum
299 1018 358 1082 tati
379 1019 483 1095 modo,
506 1018 594 1102 quali
617 1017 685 1100 ipse
708 1017 911 1082 scribendum
935 1019 966 1082 id
991 1039 1058 1081 esse
1081 1020 1279 1101 putaverim:

136 1116 188 1184 διὸ
209 1116 265 1183 καὶ
288 1117 325 1191 ἐν,
344 1125 392 1206 τῷ
417 1119 614 1204 βασιλέως
640 1114 743 1204 νόμῳ
765 1117 946 1205 γέγραπται
967 1115 1077 1184 ταυτί·
1110 1117 1280 1202 ἐπιμελεῖ-

137 1226 220 1287 σθαι
244 1221 280 1288 δὲ
301 1219 358 1287 τὸν
379 1219 596 1307 βασιλεύοντα
617 1226 682 1285 τῶν
702 1245 739 1286 τε
752 1216 914 1305 ἀρχόντων
930 1218 1022 1299 ὅπως
1036 1216 1076 1286 ἂν
1090 1226 1280 1287 καθιστῶν-

135 1348 205 1404 ται,
237 1322 397 1406 καὶτοὺς
424 1320 628 1410 παρασίτους
649 1321 685 1388 ἐκ
706 1328 772 1386 τῶν
793 1321 903 1412 δήμιον
924 1321 1080 1411 αἱρῶνται
1107 1321 1207 1388 κατὰ
1234 1322 1280 1388 τὰ

136 1425 382 1513 γεγραμμένα
400 1477 408 1492 .
428 1479 435 1492 .
452 1479 459 1493 .
476 1477 484 1492 .
500 1424 577 1504 τοὶ-ς
598 1424 634 1490 δὲ
656 1423 860 1512 παρασίτοις
881 1425 917 1492 ἐκ
939 1432 996 1514 τῆς
1016 1423 1191 1510 βουκολίας
1206 1475 1213 1489 .
1227 1476 1235 1491 .
1251 1475 1279 1490 ..

135 1528 276 1614 ἐκλέγειν
298 1527 334 1595 ἐκ
355 1535 414 1595 τοῦ
434 1529 552 1615 μέρους
572 1533 630 1594 τοῦ
652 1524 775 1593 dcccciv
796 1527 934 1596 ἕκαστον
957 1525 1053 1594 ἑκτέα
1074 1532 1202 1616 κριθῶν
1215 1579 1221 1592 .

137 1629 315 1698 δαίνυσθαί
337 1656 372 1696 τε
392 1630 469 1709 τοὺς
490 1625 586 1710 ὄντας
600 1627 799 1718 Ἀθηναίους
822 1630 855 1697 ἐν
876 1637 923 1718 τῷ
945 1627 1020 1717 ἱερῷ
1041 1629 1125 1696 κατὰ
1147 1628 1189 1695 τὰ
1210 1628 1280 1695 πά·

135 1759 220 1820 τρια·
243 1732 300 1800 τὸν
322 1728 352 1799 d'
373 1729 468 1799 ἑκτέα
490 1733 643 1819 παρέχειν
665 1729 714 1811 εἷς
734 1732 776 1799 τὰ
799 1729 911 1821 ἀρχεῖα
932 1741 979 1821 τῷ
994 1731 1182 1799 Ἀπόλλωνι
1204 1731 1281 1812 τοῖς

134 1830 309 1922 Ἀχαρνέων
331 1833 533 1922 παρασίτους
554 1830 623 1902 eiad
645 1842 704 1924 τῆς
727 1834 860 1925 ἐκλογῆς
880 1843 945 1901 τῶν
966 1841 1102 1923 κριθῶν.
1162 1838 1280 1902 Prelle·

135 1961 191 2004 rus
213 1943 310 2004 etiarn
332 1942 441 2024 piures
462 1940 594 2003 lacunas
615 1941 782 2018 indicavit,
810 1963 914 2024 neque
936 1942 1066 2004 omnino
1089 1941 1280 2022 negaverim,

135 2063 175 2107 ne
198 2039 270 2106 enm
294 2042 422 2125 quidem
446 2044 524 2106 satis
547 2065 657 2106 earum
680 2041 884 2125 significasse.
928 2043 990 2107 Sed
1014 2064 1088 2120 eae,
1110 2063 1191 2125 quas
1212 2042 1280 2125 ipse

136 2144 261 2222 notavi,
289 2146 467 2209 necessario
490 2144 731 2224 desiderantur,
763 2146 802 2209 de
825 2145 956 2228 reliquis
980 2144 1139 2208 difficilius
1161 2152 1210 2208 est
1229 2145 1278 2228 ju·

136 2246 263 2311 dicium.
313 2247 361 2313 Ne
384 2248 461 2331 quid
483 2249 794 2331 praetermittamrm‚
827 2247 953 2331 singula
974 2267 1204 2332 persequamur
1227 2268 1281 2311 ne·

135 2370 221 2414 cesse
245 2355 308 2427 est,
336 2351 421 2434 quod
442 2352 490 2414 ita
512 2352 679 2428 faciemus,
708 2358 831 2414 utnon
854 2372 963 2415 omnes
986 2352 1149 2415 hominum
1172 2350 1280 2415 docto-

134 2473 208 2518 rum
230 2453 270 2517 de
291 2454 424 2534 singulis
447 2452 524 2517 locis
547 2454 634 2537 apud
655 2454 794 2519 Petitum
818 2459 850 2517 et
865 2453 1198 2537 Schweighaeuserum
1214 2454 1281 2537 opi-

134 2556 246 2620 niones
276 2555 427 2619 collectas
455 2556 660 2639 adjiciamus,
699 2556 761 2620 nisi
788 2557 830 2620 ad
853 2577 958 2620 veram
981 2557 1279 2639 interpretationem

134 2658 214 2741 quid
223 2657 406 2741 proficiant.
453 2662 498 2722 Ac
514 2659 651 2743 primum
668 2658 797 2741 quidem
814 2659 1003 2723 vocabulum
1018 2654 1079 2739 dui,
1103 2681 1166 2742 quo
1184 2659 1280 2723 Athe·

134 2781 236 2824 naeus
259 2761 308 2824 vel
330 2761 459 2825 Polemo
481 2783 624 2841 causam,
649 2783 703 2825 cur
726 2762 827 2842 legem
851 2762 972 2843 regiam
997 2760 1126 2842 afferat,
1148 2761 1280 2841 indicat,

134 2883 175 2926 ca
196 2864 340 2945 respicit,
366 2884 447 2945 qnae
470 2865 680 2940 antecedunt,
706 2865 760 2928 uhi
781 2864 980 2927 exsecando
1003 2864 1085 2929 libro
1107 2885 1127 2927 a
1151 2864 1280 2928 Cratete

135 2965 176 3028 de
201 2965 338 3029 dialecto
360 2967 468 3029 Attica
489 2969 607 3049 scripto
630 2966 782 3030 laudatus
805 2972 853 3028 est
875 2967 964 3029 locus
986 2967 1053 3031 hie:
1087 2960 1183 3030 καὶὸ
1206 2988 1280 3029 πα-

133 3062 278 3149 ράσιτο
285 3090 302 3144 ς
323 3071 379 3130 νῦν
401 3059 455 3131 ἐντ’
476 3059 593 3149 ἄδοξον
614 3066 674 3149 μὲν
695 3073 800 3131 κεῖται
818 3070 962 3151 πρᾶγμα,
986 3065 1146 3152 πρότερον
1161 3061 1189 3132 d’
1205 3066 1281 3132 ἐκα-

132 3169 250 3234 λοῦντο
277 3166 459 3254 παράσιτοι
485 3166 517 3234 οἳ
546 3160 613 3234 ἐπὶ
627 3167 685 3257 τὴν
706 3174 765 3234 τοῦ
787 3163 875 3253 ἱεροῦ
897 3166 990 3234 σίτου
1012 3166 1147 3256 ἐκλογὴν
1168 3164 1280 3257 ciped-

132 3294 243 3354 μενοι,
277 3270 333 3335 καὶ
354 3263 392 3360 ἦν
415 3266 542 3358 α’ρχιῖόν
563 3296 596 3338 τι
619 3269 819 3360 παρασίτων.
865 3274 1029 3352 Quomodo
1053 3272 1105 3335 hic
1127 3272 1281 3337 frumenti

132 3374 278 3439 detectus
301 3377 509 3459 explicandus
532 3378 573 3441 sit
594 3377 626 3439 in
650 3377 915 3458 interpretatione
938 3377 1018 3458 legis
1040 3375 1140 3459 ipsius
1161 3375 1280 3439 uidebi-

132 3499 216 3542 mus,
262 3477 361 3560 Cujus
383 3480 487 3563 prima
509 3479 605 3542 verba
627 3500 727 3561 usque
750 3479 792 3542 ad
815 3479 971 3543 vocabula
988 3474 1071 3542 uerri
1086 3473 1128 3540 τὰ
1142 3499 1280 3562 γεγραμ-

130 3578 217 3663 μένα
246 3582 334 3644 vario
364 3582 458 3644 modo
480 3581 521 3645 ah
544 3582 771 3665 interpretibus
793 3582 958 3645 intellecta
980 3589 1055 3645 sunt
1077 3592 1109 3643 et
1131 3575 1171 3643 n'e
1194 3581 1280 3644 Prel-

131 3684 223 3747 lerus
245 3683 387 3765 quidem,
410 3704 604 3766 quamquam
628 3684 667 3746 de
689 3683 896 3746 archontibus
917 3693 1002 3746 recte
1021 3682 1192 3766 judicavit,
1215 3703 1281 3746 om-

130 3785 213 3849 nino
235 3805 343 3848 verum
361 3786 449 3849 vidit.
493 3786 576 3851 Nam
600 3793 672 3870 post
694 3786 883 3850 vocabulum
905 3785 1107 3868 γεγραμμένα
1128 3785 1282 3850 excidisse

128 3893 231 3971 putat
252 3888 407 3953 nonnulla
429 3889 468 3953 oh
492 3911 562 3952 eam
586 3911 733 3964 causam,
770 3888 855 3970 quod
879 3889 1040 3951 vocabulis
1061 3891 1126 3951 τῶν
1152 3910 1195 3951 τε
1222 3880 1280 3974 ἆρ-

210 4090 229 4156 1)
265 4092 282 4142 1.
301 4091 319 4142 l.
340 4108 366 4158 p.
388 4094 446 4144 121.

1035 4195 1052 4245 3
1139 4156 1143 4161 .
