2750 4575
626 154 666 215 22

71 344 146 427 jure
166 339 470 427 periculosissimum
498 358 566 402 esse
595 338 724 403 videtur
753 359 771 402 e
801 336 982 421 fragmento
1004 338 1225 422 fragmentum

75 447 254 511 restituere.
300 445 451 508 Attamen
473 439 647 526 probabilis
670 461 709 504 ea
731 444 779 504 est
800 441 994 524 conjectura,
1017 441 1051 505 in
1067 441 1128 506 hoc
1142 463 1225 525 quo·

75 568 138 633 que
166 546 381 632 psephismate
412 544 452 609 de
480 563 611 608 munere
640 544 714 626 plus
736 543 832 606 semel
854 565 918 609 non
938 544 1133 627 praestando
1155 564 1226 608 ser-

75 670 203 715 monem
223 649 331 716 fuisse.
377 647 440 712 Sed
460 645 521 711 huc
543 646 686 710 nondum
708 644 833 710 suffieit.
877 647 962 710 Num
984 645 1061 711 licet
1083 647 1227 731 suspice·

75 774 161 832 mur,
184 773 275 831 eum,
297 751 353 835 qui
374 750 446 835 plus
468 749 566 812 semel
588 747 687 812 fuerit
707 748 885 832 parasitus,
908 749 942 812 in
961 748 1015 831 jus
1038 770 1107 813 esse
1129 769 1227 814 voca-

75 855 168 920 tum?
210 854 303 933 Quod
322 851 534 936 judicandum
557 855 657 928 asset,
692 852 718 915 si
741 852 852 915 statim
874 852 1036 915 minitatio
1058 852 1120 915 ista
1141 851 1227 934 legis

77 959 156 1023 haee
178 957 276 1022 verba
298 959 409 1020 secuta
430 958 523 1037 esset.
569 952 649 1015 Tum
672 952 739 1016 iere
761 954 795 1016 in
810 953 938 1017 easdem
955 952 1158 1018 difficultates
1173 954 1227 1018 iu-

76 1060 270 1138 oideremus,
307 1079 345 1122 an
367 1057 394 1121 si
416 1053 581 1120 Plutarchi
603 1054 642 1118 de
665 1055 767 1138 epulis
789 1061 961 1139 prytauum
983 1056 1228 1140 interpretatio-

76 1183 150 1228 nem
166 1161 406 1246 aeuepissemus.
451 1157 485 1222 Si
508 1177 582 1221 vero
604 1158 761 1240 ponimus,
785 1157 932 1223 Solonem
947 1159 1158 1238 constituisse,
1181 1182 1226 1226 ne

77 1264 149 1350 quis
170 1263 243 1348 plus
264 1262 362 1327 semel
383 1261 545 1346 parasitus
568 1280 636 1323 esse
658 1268 828 1343 cogeretur,
849 1259 1016 1324 Plutarchi
1037 1261 1134 1327 verba
1156 1284 1225 1327 non

77 1366 208 1432 omnino
231 1366 423 1443 retinemus,
446 1361 756 1426 verisimilitudinem
779 1367 887 1426 autem
911 1362 990 1447 legis
1011 1362 1105 1427 valde
1127 1385 1226 1448 auge-

77 1491 158 1534 mus.
208 1467 359 1533 Oeterum
389 1487 430 1529 ne
459 1464 539 1528 haee
568 1464 698 1546 quidem
725 1465 951 1548 interpretatio
980 1465 1021 1529 ad
1049 1472 1225 1551 prytanum
1278 1497 1282 1502 ·

77 1571 188 1656 epulas
217 1570 283 1635 ullo
310 1567 404 1633 modo
435 1567 584 1650 quadrat.
632 1566 751 1646 Quodsi
780 1567 910 1631 aliunde
941 1567 980 1631 de
1008 1569 1160 1652 parasitis
1188 1571 1224 1636 in

78 1675 260 1757 Cynosarge
282 1675 426 1755 repetere
448 1669 495 1734 nil
517 1689 705 1753 possumus,
743 1668 782 1732 de
812 1668 992 1753 supplenda
1021 1672 1085 1735 ista
1107 1672 1224 1738 lacuna

78 1774 345 1861 acquiescendum
374 1772 466 1838 nobis
494 1791 562 1836 esse
584 1770 713 1835 videtur
735 1776 832 1854 atque
854 1774 1089 1838 transeundum
1111 1775 1153 1840 ad
1175 1775 1223 1840 ul—

79 1880 159 1945 tima
179 1875 405 1963 psephismatis
427 1874 534 1940 verba.
581 1875 669 1953 Quae
692 1874 737 1938 sic
758 1880 865 1938 verto:
889 1874 1012 1940 sivero
1035 1877 1107 1959 quis
1128 1899 1222 1960 para-

78 1982 159 2048 situs
180 2001 248 2045 esse
270 1978 417 2056 noluerit,
441 1977 526 2042 hune
548 1982 680 2061 propter
701 1997 739 2040 ea
754 1997 881 2060 quoque
902 1978 936 2041 iu
956 1978 1011 2062 jus
1026 1985 1140 2044 vocato
1163 1981 1221 2065 (su.

78 2078 96 2149 ὁ
126 2078 249 2169 ἱερεύς).
300 2079 455 2147 concludi
486 2068 585 2162 igitur
611 2084 739 2163 potest,
776 2079 957 2162 parasitum
985 2086 1129 2145 creatum
1158 2104 1222 2148 non

79 2187 174 2252 modo
195 2185 256 2250 hoc
277 2204 410 2248 munere
431 2182 540 2266 fungi,
573 2181 630 2247 sed
652 2182 751 2245 etiam
774 2181 839 2244 alia
862 2183 967 2246 nescio
989 2203 1072 2266 quae
1095 2188 1223 2269 negotia

78 2289 231 2376 perficere
260 2292 407 2352 coactum
436 2284 543 2350 fuisse.
589 2284 711 2351 Contra
738 2283 773 2348 iu
796 2282 922 2350 Solonis
949 2284 1020 2367 lege
1042 2286 1103 2352 hoe
1125 2310 1223 2353 unum

79 2391 291 2476 puniebatur,
329 2389 355 2453 si
386 2389 457 2471 quis
484 2388 647 2473 parasitus
675 2408 744 2451 esse
771 2388 872 2452 nollet
894 2385 965 2470 (ἒαν
987 2386 1024 2453 a}
1046 2378 1073 2474 ᾧ
1093 2385 1223 2479 καθήκῃ

78 2491 123 2581 μὴ
146 2487 313 2578 βούληται,
337 2485 490 2572 κολάζει).
534 2490 596 2554 Sed
619 2511 667 2570 ue,
691 2490 717 2554 si
734 2490 942 2555 Plutarchum
964 2492 1223 2575 vituperavimus,

80 2595 182 2679 quod,
214 2614 277 2678 quo
299 2594 461 2677 pertineat
483 2592 608 2657 Solonis
631 2593 683 2656 lex
705 2613 769 2656 non
791 2593 1002 2672 intellexerit,
1032 2594 1167 2660 similem
1189 2597 1222 2660 in

80 2719 139 2764 uos
159 2695 287 2781 eulpam
309 2695 554 2774 contrahamus,
585 2695 905 2778 circumspiciendum
927 2695 1019 2760 nohis
1041 2703 1105 2776 est,
1129 2719 1223 2783 quae-

79 2822 155 2866 uam
179 2819 277 2865 causa
298 2797 472 2876 exstiterit,
495 2809 552 2861 our
573 2797 727 2877 libenter,
751 2799 806 2880 qui
829 2798 863 2861 in
886 2798 1068 2884 Cynosauge
1090 2802 1225 2886 parasiti

80 2908 174 2968 erant
196 2899 313 2979 creati,
336 2899 396 2964 hoo
419 2919 549 2964 munere
571 2900 703 2964 liberari
726 2899 885 2964 voluerint
906 2901 954 2965 ita
974 2909 1012 2966 ut
1033 2904 1129 2968 certis
1151 2924 1224 2988 pue-

79 3007 130 3071 nis
158 3004 201 3069 ad
231 3001 334 3068 officia
360 3003 556 3086 praestanda
584 3003 653 3087 cogi
683 2996 860 3067 debuerint
925 3002 1053 3087 Reliqui
1079 3005 1222 3087 parasiti,

80 3112 237 3194 quantum
259 3106 391 3185 suimus,
420 3105 479 3169 tali
509 3106 603 3170 modo
633 3127 697 3170 non
726 3105 929 3188 cogebantur.
981 3106 1105 3190 Conjici
1126 3108 1224 3191 igitur

79 3211 170 3288 lieet,
200 3208 415 3293 parasitorum
441 3207 476 3272 in
500 3208 682 3291 Cynosarge
712 3228 829 3271 munus
850 3207 891 3272 ah
913 3208 1110 3291 reliquorum
1132 3211 1224 3275 mini-

80 3313 177 3378 sterio
200 3311 429 3394 discrepuisse,
466 3310 552 3393 quod
579 3309 844 3375 verisimillimum
871 3316 938 3390 est,
976 3331 1049 3374 cum
1071 3311 1225 3377 molestiis

80 3413 273 3501 quibusdam
302 3418 400 3496 atque
428 3411 577 3477 oneribus
604 3411 811 3494 conjunctum
839 3412 872 3478 id
895 3412 1002 3477 luisse.
1048 3413 1128 3478 Cum
1151 3433 1224 3479 vero

80 3520 165 3583 iuter
186 3515 375 3602 gravissima
396 3534 496 3579 onera
517 3514 582 3579 sint
604 3519 766 3599 sumptus,
789 3515 874 3579 inter
892 3515 1127 3599 jucundissima
1149 3538 1225 3601 epu·

80 3622 141 3702 lae,
163 3641 228 3685 non
251 3617 373 3697 dubito,
395 3616 482 3699 quin,
505 3616 560 3700 qui
582 3616 641 3682 hou
663 3638 795 3683 munere
816 3617 945 3683 liberari
966 3618 1145 3697 voluerunt,
1167 3620 1225 3684 im·

80 3742 199 3807 pensae
215 3719 471 3804 magnitudinem
492 3720 668 3784 timuerint.
715 3722 757 3783 At
780 3720 948 3803 epularum
970 3741 1034 3785 non
1057 3727 1150 3785 erant
1172 3742 1225 3785 ex-

81 3830 197 3908 pertes.
256 3822 358 3888 Immo
389 3821 466 3905 quia
495 3821 644 3887 Herculis
671 3822 807 3906 parasiti
838 3823 980 3886 omnium
1008 3823 1225 3907 antiquissimi

82 3948 149 3991 esse
171 3926 335 4005 videntur,
369 3945 483 4008 nempe
506 3924 574 4004 dei,
609 3926 664 4009 qui
693 3926 778 3989 iuter
800 3925 919 4008 primos
941 3926 1083 3989 Atticam
1105 3930 1225 3990 terram

82 4028 245 4107 invaserit,
268 4032 300 4091 et
322 4029 398 4111 quia
422 4027 463 4091 ad
485 4047 560 4092 eum
581 4026 685 4110 ipsum
707 4026 817 4110 largae
840 4031 937 4110 atque
953 4029 1085 4111 'opimae
1107 4049 1225 4094 coenae
