2750 4575
620 241 660 301 38

67 455 188 500 aunum
218 431 497 499 commorabantur
526 429 675 513 parasiti,
710 449 785 492 nam
815 449 856 493 ex
884 428 947 493 alio
974 427 1042 492 loco
1070 428 1214 511 ejusdem

66 538 146 623 legis
167 536 273 619 regiae
296 535 447 598 certiores
468 530 574 611 fimus,
598 531 757 596 exstitisse
780 531 825 596 ibi
846 531 974 595 domum
996 532 1213 614 parasitorum

67 634 282 723 παρασίτειον
304 636 509 700 nominatam.
565 634 656 713 Quod
678 633 759 698 haec
780 633 879 698 rerba
900 638 986 698 certo
1008 632 1148 716 probant
1168 637 1211 715 ¹):

67 737 101 807 ἕν
122 745 169 827 τῷ
192 734 281 827 αὐτῷ
301 735 390 825 νόμῳ
411 732 490 802 τάδε
512 738 702 821 γέγραπται·
726 728 774 812 εἷς
794 731 853 822 τὴν
874 730 1049 822 ἐπισκευὴν
1071 738 1131 799 τοῦ
1151 731 1213 801 νεα)

66 847 126 909 τοῦ
148 837 277 929 α’ρχείον
298 836 589 924 cornupetarum
610 834 747 925 καὶτῆς
768 832 874 916 οἰκίας
895 841 954 925 τῆς
975 831 1064 922 ἱερᾶς
1086 834 1214 904 διδόναι

66 940 231 1031 ἀργύριον,
254 939 383 1008 ὁπόσου
404 935 443 1007 dv
465 937 496 1006 oi
519 945 585 1005 τῶν
607 937 701 1026 ἱερῶν
718 944 745 1023 2)
768 936 1006 1006 ἐπισκευασταὶ
1027 935 1212 1023 μισθώσω-

67 1069 129 1114 σιν.
188 1049 230 1111 At
252 1047 393 1131 opinioni
414 1066 504 1109 meae
526 1043 619 1109 valde
642 1044 772 1127 obloqui
793 1044 920 1108 videtur
942 1043 1057 1108 Pollux
1072 1047 1118 1121 3);
1156 1042 1214 1110 καὶ

66 1143 194 1235 ἀρχεῖόν
215 1172 249 1214 τι
267 1141 441 1236 Ἀθήνῃσι
463 1141 712 1233 παρασίτιον
733 1140 941 1228 καλοίμενον,
965 1140 1010 1223 οἷς
1033 1143 1066 1210 ἐν
1087 1150 1135 1232 τῷ
1156 1142 1213 1212 νό·

65 1276 118 1339 pqr
138 1254 197 1316 τοῦ
218 1249 381 1335 βασιλέως
401 1245 491 1316 ἔστιν
513 1243 635 1336 εὑρεῖν,
668 1271 745 1314 nam
772 1254 883 1332 aperte
911 1248 1038 1312 videtur
1058 1249 1213 1331 indicare,

65 1356 280 1439 parasitorum
302 1353 393 1437 quasi
416 1353 537 1418 curiam
560 1354 594 1416 in
616 1353 687 1436 ipsa
709 1352 787 1416 urbe
802 1350 900 1415 fuisse
917 1348 1127 1416 Athenarum.
1171 1353 1214 1418 Et

67 1458 270 1523 Petersenius
285 1459 316 1539 ⁴)
344 1456 418 1521 huic
440 1455 486 1519 rei
508 1452 672 1519 confidens
694 1454 823 1518 omnino
846 1453 1009 1518 contraria
1030 1454 1069 1518 de
1090 1456 1213 1539 parasi-

66 1560 108 1624 tis
130 1558 322 1624 contendere
344 1579 410 1623 non
433 1562 603 1621 cunctatus
625 1561 682 1621 est.
728 1556 815 1620 Dicit
837 1556 937 1633 enim,
961 1557 1112 1639 quoniam
1134 1557 1214 1641 legis

65 1661 172 1745 regiae
195 1661 339 1746 singulae
361 1665 485 1744 partes,
508 1679 591 1742 quae
614 1658 705 1723 nobis
727 1658 868 1723 traditae
891 1658 974 1737 sint,
996 1659 1125 1724 omniuo
1147 1682 1213 1725 non

65 1764 267 1842 cohaereant,
291 1764 331 1829 de
353 1763 570 1848 parasitorum
592 1760 851 1825 Acharneusium
872 1761 966 1825 domo
989 1763 1125 1845 cogitari
1147 1784 1212 1827 om·

66 1866 142 1932 nino
164 1888 228 1931 non
250 1887 352 1950 posse.
397 1865 496 1930 Porro
518 1863 708 1930 vocabulum
729 1857 886 1947 βοοκολία
908 1863 992 1927 idem
1008 1869 1103 1947 putat
1118 1865 1212 1949 signi-

65 1967 162 2033 ficare
184 1989 222 2034 ac
242 1968 432 2051 βουκολεῖον
445 1970 483 2050 ⁵),
507 1966 712 2050 dubitarique
734 1987 799 2030 non
821 1987 923 2050 posse,
946 1966 1024 2049 quin
1048 1965 1087 2030 de
1109 1966 1212 2051 epulis

65 2071 99 2135 in
122 2077 279 2155 prytaneo
302 2070 439 2154 publicis
461 2090 565 2134 sermo
588 2069 639 2134 sit.
685 2069 776 2148 Tum,
800 2089 840 2132 ne
861 2067 1028 2132 molestiae
1052 2068 1213 2135 orirentur

65 2172 217 2258 parasitis
240 2209 278 2221 -
302 2193 416 2256 nempe
441 2172 570 2255 „coquis
591 2170 746 2255 publicis“
770 2207 813 2218 —-
834 2170 1070 2254 longinquitate
1091 2171 1212 2256 publici

64 2275 222 2359 granarii,
249 2274 441 2359 parasitium
460 2274 493 2340 in
517 2274 680 2339 vicinitate
702 2276 762 2339 τοῦ
782 2268 973 2356 βοοκολείου
995 2273 1092 2339 situm
1114 2273 1211 2340 fuisse

64 2378 194 2456 statuit,
229 2384 399 2460 ceteraque
428 2377 589 2461 permulta
611 2397 630 2441 a
653 2376 722 2461 lege
744 2378 834 2459 regia
855 2377 985 2442 omnino
1008 2376 1124 2441 aliena.
1169 2379 1212 2442 At

64 2481 242 2546 Pollucisue
265 2479 483 2545 testimonium
504 2479 587 2544 nibil
607 2478 715 2544 valet?
757 2478 859 2544 Immo
882 2479 1030 2544 maxime.

150 2636 213 2701 Sed
235 2635 359 2715 Pollux,
377 2632 495 2719 'quibus
517 2635 595 2701 locis
617 2636 657 2700 de
680 2635 749 2719 lege
765 2638 856 2719 regia
870 2635 1015 2720 loquitur
1029 2638 1059 2718 ⁶)
1084 2637 1211 2702 eosdem

63 2739 220 2822 respicere
242 2739 382 2816 videtur,
406 2740 462 2823 qui
484 2738 570 2822 apud
594 2736 797 2803 Athenaeum
819 2738 912 2804 uobis
934 2760 1061 2823 quoque
1081 2745 1211 2823 praesto

63 2845 146 2904 sunt.
193 2841 299 2919 Quare
321 2841 436 2907 Pollux
458 2863 523 2907 uon
545 2841 651 2905 minus
673 2841 825 2924 conjecit,
856 2862 954 2925 quam
984 2848 1110 2907 nosmet
1140 2843 1211 2927 ipsi,

63 2963 166 3027 neque
188 2963 287 3008 eausa
301 2948 358 3022 est,
382 2966 439 3010 cur
454 2943 613 3009 difficilius
628 2964 704 3008 vera
718 2945 876 3029 possimus
892 2966 1090 3028 cognoscere,
1114 2967 1211 3029 quam

63 3044 128 3110 ille.
174 3045 237 3110 sed
259 3067 300 3111 ne
323 3047 484 3131 discrepat
505 3047 635 3131 quidem
659 3067 680 3111 a
702 3046 802 3112 nobis.
848 3048 931 3112 Nam
953 3069 1014 3112 vox
1034 3040 1210 3137 Ἀθήνῃσιν

64 3169 128 3212 non
156 3148 259 3213 solum
288 3149 327 3215 de
356 3150 427 3234 ipsa
455 3150 534 3215 urbe
556 3150 613 3215 sed
635 3151 734 3214 etiam
758 3150 797 3213 de
819 3151 910 3234 pagis
932 3157 1004 3215 erat
1025 3152 1212 3235 posteriori·

63 3360 269 3372 t—————-—

138 3496 158 3566 ¹)
196 3494 299 3549 Athen.
317 3492 357 3549 VI
375 3510 402 3562 p.
423 3495 476 3549 235
494 3492 528 3547 D.

137 3601 160 3669 2)
195 3599 241 3654 Sic
259 3599 437 3654 scribendum
456 3601 499 3652 est
515 3615 566 3669 pro
584 3599 678 3669 ἱερέων
695 3599 855 3654 editionum.

135 3707 160 3775 3)
195 3694 368 3774 V1,'34,35.

137 3811 161 3873 ⁴)
196 3810 281 3864 Arch.
300 3807 362 3876 Ztg.
380 3808 406 3862 X
425 3825 454 3862 n.
471 3811 513 3864 37.
535 3825 562 3879 p.
581 3810 642 3863 400.

138 3914 160 3981 ⁵)
195 3912 281 3966 Bekk.
301 3913 395 3966 anecd.
413 3913 427 3966 I
445 3930 472 3982 p.
491 3916 551 3970 449.
575 3932 600 3968 v.
621 3909 727 3984 ἄρχων,
746 3910 761 3965 ὁ
779 3915 832 3984 μὲν
849 3911 975 3980 βασιλεὺς
993 3918 1118 3981 καθῆστο
1137 3912 1213 3985 παρὰ

68 4002 106 4066 τῷ
124 4001 282 4069 καλουμένῳ
299 4000 452 4068 βοιικολείιρ·
471 3997 504 4051 τὸ
522 3999 554 4055 δὲ
572 3995 607 4068 ἦν
625 4003 745 4067 πλησίον
762 4004 812 4052 τοῦ
829 4004 1001 4071 πρυτανείου.

138 4103 440 4171 nmmum
