2750 4575
651 197 691 258 29

94 383 323 448 Demosthenis
344 382 412 448 loco
430 389 451 464 l)
474 405 571 467 quam
594 385 732 449 maxime
754 384 914 464 fulciatur,
937 384 1066 449 omniuo
1089 385 1167 450 mihi
1189 383 1243 449 fir-

92 487 241 551 missima
263 508 330 551 esse
353 486 488 551 videtur.
534 477 731 572 Cynosarges
754 493 862 550 autem
891 487 957 552 fere
980 509 1104 571 semper
1125 508 1145 551 a
1167 487 1243 552 solis

93 590 216 673 spuriis
238 589 512 671 frequentabatur,
536 611 637 673 neque
660 611 786 673 quoque
808 595 951 673 tempore
974 590 1019 655 ibi
1039 590 1244 654 invenieban-

92 697 168 771 tur,
198 692 253 775 qui
276 692 316 756 ab
340 698 476 775 utroque
499 693 567 756 cive
591 693 696 756 Attico
719 691 846 755 oriundi
868 698 970 756 erant.
1017 694 1122 772 Quare
1144 694 1243 757 etiam

92 792 291 857 Heracleum
313 795 346 857 in
370 793 551 879 Cynosarge
574 816 637 858 non
660 803 732 858 erat
752 794 924 877 templum,
947 794 988 858 ad
1011 795 1096 879 quod
1119 793 1242 860 incolae

90 896 171 980 pagi
183 895 388 960 Diomeorum
403 898 617 980 pertinebant,
641 898 704 961 nisi
719 918 791 960 cum
807 897 961 961 Muellero
979 899 1005 978 2)
1028 898 1063 961 id
1078 898 1242 978 sumimus,

91 999 213 1062 nothos
241 1019 351 1063 omnes
380 1000 415 1062 in
445 1001 506 1064 hoc
535 1001 603 1082 ipso
629 1020 713 1083 pago
742 998 913 1063 habitasse.
959 1000 998 1063 Ei
1025 1001 1124 1084 igitur
1146 999 1243 1083 hujus

93 1101 174 1184 pagi
194 1101 339 1180 incolae,
374 1102 429 1184 qui
453 1103 552 1186 spurii
574 1123 638 1165 non
661 1107 786 1180 essent,
819 1100 955 1166 fortasse
977 1124 1049 1166 cum
1071 1102 1141 1186 ipsa
1163 1102 1243 1167 urbe

93 1203 296 1267 Athenarum
324 1224 448 1268 sacram
471 1206 654 1269 societatem
678 1204 721 1267 ad
742 1203 912 1269 Herculem
935 1205 1162 1270 celebrandum
1184 1204 1243 1268 ini·

93 1311 201 1369 erant.
246 1305 471 1383 Ceterum,·ut
493 1307 652 1372 Diodorus
675 1306 768 1383 dicit,
791 1328 855 1370 non
879 1307 982 1370 solum
1004 1307 1087 1371 cives
1111 1305 1242 1370 Atheni-

92 1428 201 1486 enses,
231 1408 287 1472 sed
309 1409 365 1491 qui
387 1409 501 1473 divites
524 1404 671 1489 ίέχοντας
692 1399 820 1491 orietur)
844 1413 877 1472 et
897 1410 1015 1492 integri
1041 1409 1163 1489 (καλῶς
1184 1412 1241 1491 βε-

93 1506 265 1594 βιοκότας)
290 1516 396 1575 essent
418 1511 460 1575 ad
482 1533 599 1576 munus
620 1511 822 1595 parasitandi
844 1511 1053 1593 eligebantur.
1098 1512 1141 1575 Et
1162 1511 1242 1575 haec

93 1615 167 1698 ipsa
189 1635 241 1677 res
264 1614 361 1677 etiam
383 1615 518 1697 probare
541 1613 620 1678 mihi
642 1614 787 1692 videtur,
821 1615 980 1696 parasitos
1001 1614 1149 1678 Herculis
1170 1634 1243 1698 per·

93 1722 211 1800 petuos
234 1716 268 1792 (i.
286 1737 313 1779 e.
337 1738 394 1799 per
417 1737 537 1779 annum
561 1716 717 1798 singulos)
747 1715 844 1779 fuisse
868 1716 938 1798 ejus
960 1717 1108 1780 convivas
1124 1717 1164 1799 3).

181 1819 264 1882 Nam
286 1818 336 1882 bis
356 1818 432 1882 viris
447 1820 587 1883 omnium
601 1818 801 1900 probissimis
817 1822 913 1901 atque
928 1817 1168 1897 honestissimis
1192 1838 1242 1881 co-

92 1921 227 1985 tidianis
249 1921 300 1984 dei
322 1920 492 1998 sodalibus,
516 1920 669 1984 Hercules
685 1921 752 2003 ipse
768 1920 906 1984 maxime
921 1921 1107 1999 ornabatur,
1130 1920 1159 1984 ei
1181 1921 1243 2003 ipsi

1 2053 2 2066 ¹
93 2045 171 2088 vero
197 2022 247 2086 his
276 2022 378 2106 epulis
401 2044 524 2087 summo
547 2023 668 2088 honore
690 2022 921 2087 afficiebantur.
965 2023 1037 2087 Non
1058 2024 1242 2105 negaverim

91 2130 266 2210 praeterea
288 2126 353 2188 alia
375 2124 534 2190 sacrificia
558 2127 603 2190 eis
624 2126 722 2190 fuisse
745 2125 946 2205 celebranda,
970 2147 1166 2209 quamquam
1181 2125 1242 2190 hac

1 2229 2 2254 ³
92 2250 136 2293 ex
164 2248 198 2292 re
226 2249 297 2291 cum
321 2228 424 2293 Petito
440 2231 468 2310 4)
499 2249 666 2293 numerum
697 2250 807 2294 eorum
834 2249 897 2292 non
927 2228 974 2293 ita
1005 2228 1240 2313 explicaverim,

92 2330 263 2395 duodecim
287 2352 354 2395 esse
377 2331 494 2396 eleetos
517 2336 595 2414 quot
616 2331 738 2395 scilicet
760 2336 868 2395 essent
889 2332 966 2394 anni
988 2352 1128 2412 menses,
1164 2332 1241 2415 quia

92 2433 230 2516 singulis
258 2434 414 2497 mensium
443 2433 599 2498 Kalendis
627 2455 718 2498 sacra
749 2434 881 2498 Herculi
910 2433 1061 2498 facerent.
1121 2435 1240 2513 Quodsi

68 2540 204 2599 ‚autem
226 2535 408 2619 psephisma
429 2534 526 2614 illud,
550 2542 588 2600 de
612 2557 674 2618 quo
697 2556 794 2618 supra
817 2536 965 2612 diximus
988 2536 1072 2600 solos
1093 2536 1241 2601 Herculis

90 2639 127 2702 in
153 2636 334 2721 Cynosarge
355 2640 515 2721 parasitos
541 2645 708 2701 menstrua
729 2636 886 2701 sacrificia
909 2659 980 2701 cum
1004 2639 1170 2703 sacerdote
1192 2640 1240 2702 in-

91 2741 227 2804 stituere
246 2740 339 2823 jubet
361 2761 422 2804 non
447 2741 564 2804 mirum
588 2746 656 2821 est,
695 2741 844 2823 quoniam
876 2740 915 2804 de
942 2740 993 2803 his
1020 2741 1096 2804 solis
1118 2741 1239 2804 editum

91 2847 151 2907 est.
196 2842 447 2926 Utrumepulae
471 2843 546 2908 illae
568 2864 726 2927 sacraque·
746 2842 899 2927 impensis
921 2844 1078 2907 instructa
1100 2843 1164 2907 sint
1183 2864 1239 2926 pa·

97 3028 304 3037 ’·“-···
551 3019 567 3058 ἱ

166 3129 186 3198 ¹)
221 3123 291 3198 πρὸς
310 3121 482 3192 Εὐβουλίδην
500 3143 526 3193 p.
544 3127 620 3178 1313.

222 3210 321 3266 λοιπὸν
339 3211 373 3264 δέ
387 3231 438 3283 μοι
455 3214 519 3282 περὶ
537 3212 657 3281 ἐμαυτοῦ
674 3207 745 3281 πρὸς
764 3206 835 3280 ὑμᾶς
852 3212 941 3263 εἰπεῖν
958 3207 990 3263 τὸ
1007 3211 1061 3281 μὲν
1080 3209 1239 3264 ἁπλούστα-

90 3323 152 3358 τον·
174 3301 254 3373 οἶμαι
271 3304 317 3353 καὶ
335 3296 510 3352 δικαιότατον
529 3300 563 3358 ἐξ
580 3297 785 3370 ἀμφοτέρων
803 3295 918 3350 ἀστῶν
937 3293 1004 3349 ὄντα
1022 3316 1057 3368 με
1075 3301 1239 3371 κεκληρονο-

88 3388 199 3463 μηκότα
217 3391 327 3454 καὶτῆς
346 3386 441 3445 οὐσίας
458 3390 505 3439 καὶ
522 3391 572 3438 τοῦ
589 3390 685 3457 γένους
703 3385 773 3438 εἶναι
790 3388 912 3451 πολίτην
931 3382 964 3438 οὗ
982 3382 1039 3456 μὴν
1058 3382 1126 3437 ἀλλὰ
1144 3389 1191 3437 καὶ
1204 3384 1238 3438 τὰ

89 3475 269 3549 προσήκοντα
288 3472 379 3527 πάντα
397 3475 536 3538 ἐπιδείξω,
556 3471 591 3532 ὡς
608 3470 744 3544 εἰσήχθην
762 3477 800 3533 εἰς
817 3467 880 3533 robe
898 3471 1053 3546 φράτορας,
1073 3469 1108 3532 ὡς
1126 3470 1238 3546 ἐνεγρά-

90 3584 149 3638 φην
172 3570 210 3624 εἰς
230 3561 311 3621 τοὺς
335 3559 507 3632 δημότας,
536 3558 575 3620 ὡς
601 3558 654 3613 ὑπ’
674 3560 784 3614 αὐτῶν
806 3559 936 3615 τούτων
962 3566 1177 3634 προεκρίθην
1202 3562 1237 3614 ἐν

88 3660 168 3713 τοῖς
193 3647 461 3723 εὐγενεστάτοις
482 3653 699 3722 κληροῦσθαι
723 3653 782 3715 τῆς
806 3647 985 3721 ἱεροσὺνης
1008 3653 1052 3717 τῷ
1075 3646 1238 3721 Ἡρακλεῖ

90 3743 145 3796 riri.
427 3760 429 3762 ’

161 3827 184 3896 2)
220 3827 256 3880 ad
273 3825 407 3879 Leakium
424 3843 452 3893 p.
465 3826 524 3878 442.

160 3915 184 3982 3)
221 3913 255 3967 cf.
274 3913 401 3966 Meineke
427 3930 495 3966 com.
522 3913 569 3967 Gr.
593 3912 692 3982 fragm.
710 3913 744 3980 ΙΙ,
764 3914 788 3964 2.
805 3929 831 3980 p.
848 3912 914 3964 1021
929 3928 968 3978 sq.
989 3911 1024 3964 de
1041 3910 1235 3980 Aristophanis

91 4000 300 4056 Daetulensibus
318 4000 373 4053 huc
391 3998 550 4055 referendis.

160 4088 182 4158 4)
218 4089 236 4142 l.
255 4088 318 4157 l.p.
340 4089 398 4143 154.
