2750 4575
624 154 663 216 55

71 342 233 407 sententia
261 340 340 405 facit
368 360 494 424 quoque
522 338 672 405 Seleucus
698 336 732 403 ἐν
757 342 805 424 cci
830 334 1044 427 ὑπομνήματι
1065 342 1131 403 τῶν
1152 333 1216 404 Σό-

70 443 177 520 λωνος
195 437 356 524 οἷξίνων,
381 444 497 528 quippe
521 443 575 527 qui
598 444 630 507 in
652 443 713 507 hoc
735 441 816 506 libro
838 443 876 506 de
899 442 998 505 sacris
1018 442 1113 506 rebus
1129 441 1217 505 dicat

68 545 126 629 (cf.
160 545 250 610 Phot.
280 553 321 610 et.
353 546 440 611 Suid.
470 567 494 610 s.
520 568 546 609 v.
577 537 759 630 ὀργειῖνας).
800 543 903 608 Porro
932 550 1058 608 constat
1086 544 1215 608 omnino

66 647 174 724 fuisse
193 643 323 734 κύρβεις
343 672 371 712 ο.
397 641 514 730 ἄξονας
536 649 704 730 11911311).
749 646 847 725 Nam,
869 647 924 730 qui
946 667 986 710 ex
1008 667 1082 710 aere
1105 643 1214 724 (schol.

67 749 169 812 Arist.
193 770 241 813 ev.
270 755 359 814 1354.
406 753 508 816 Treta.
539 750 794 829 01111.ΧΙΙ,406
824 749 872 812 ed.
896 748 1010 813 Iliessl.
1036 771 1066 832 p.
1091 751 1153 812 452
1183 754 1216 812 et

65 849 294 934 Theopompus
315 872 339 916 3.
364 853 573 937 Theophrast.
596 852 617 915 l.
641 851 661 914 l.
686 872 737 934 ap.
761 850 879 931 Treta.)
908 849 1011 915 factos
1033 871 1100 913 esse
1122 855 1215 934 puta·

66 961 155 1037 rent,
176 953 293 1017 falsum
314 956 400 1019 vocis
421 952 551 1042 κύρβεις
571 954 781 1036 veriloquium
803 952 904 1016 secuti
927 950 980 1028 (cf.
1004 951 1133 1015 Tzetzes
1155 950 1213 1014 11.

65 1042 165 1139 εὗρον
188 1046 217 1118 d’
230 1049 557 1144 αὐτὰς-Κορύβαντες,
582 1051 663 1121 ὅθεν
684 1053 861 1119 καλοῦνται
881 1048 1026 1140 κύρβεις)
1048 1054 1130 1117 hanc
1146 1074 1215 1117 sen·

66 1157 207 1220 tentiam
228 1168 481 1242 proposuerunt,
508 1161 625 1244 quique
649 1158 793 1242 lapideos
815 1177 882 1219 esse
905 1157 1149 1237 contenderent,
1178 1164 1216 1222 ut

66 1257 232 1324 Prellerus
255 1268 340 1325 recte
363 1269 471 1326 monet
487 1266 530 1344 2),
560 1260 785 1345 Apollodorum
815 1257 1013 1340 negligenter
1041 1261 1214 1343 exscripse-

65 1367 156 1423 runt.
202 1363 249 1425 Ac
271 1385 430 1427 summum
451 1365 557 1429 valere
578 1364 657 1428 mihi
679 1362 805 1425 videtur
828 1361 870 1424 ad
892 1362 1086 1425 sententiam
1108 1383 1214 1426 meam

64 1461 270 1544 probandam
292 1465 380 1530 locus
403 1466 526 1532 Cratini
549 1466 661 1531 comici
688 1484 786 1546 supra
816 1463 943 1526 allatus.
996 1462 1057 1528 Sed
1087 1463 1153 1527 alia
1180 1465 1214 1528 in

65 1584 102 1627 re
127 1564 290 1630 Prellerus
317 1589 425 1631 verum
454 1591 519 1633 non
546 1569 626 1632 vidit
648 1566 704 1650 qui
726 1565 846 1628 diceret
867 1573 911 1648 (p.
936 1568 1005 1644 89):
1046 1566 1215 1645 „videntur

5 1654 7 1715 l
65 1667 199 1750 utrique
222 1667 318 1734 fuisse
341 1670 528 1735 columellae
551 1669 804 1755 pyramidatae“,
841 1688 916 1730 nam
944 1667 977 1730 in
1001 1667 1214 1751 descriptione

5 1728 7 1839 l
35 1814 39 1815 γ
65 1767 125 1831 1113
147 1771 396 1849 accuratissima·
421 1793 519 1854 quam
540 1793 637 1856 supra
658 1769 788 1834 laudavi
805 1772 844 1852 3),
871 1766 952 1833 nihil
973 1770 1065 1848 inest,
1089 1792 1128 1835 ex
1150 1792 1213 1853 quo

5 1872 7 1905 ⁵
65 1869 257 1936 concludere
279 1874 446 1956 possimus,
468 1874 643 1958 pyramidis
665 1872 767 1935 instar
788 1871 821 1934 in
843 1890 978 1964 acumen
1000 1872 1115 1935 abiisse
1137 1863 1214 1952 11ξο-

65 1993 133 2052 νοις,
159 1993 261 2056 neque
284 1995 381 2039 causa
402 1977 539 2040 inveniri
558 1980 671 2059 potest,
696 1994 752 2037 cur
774 1973 877 2037 forma
891 1973 1093 2057 pyrauridata
1109 1977 1214 2058 aptior

5 2118 10 2205 Ι
64 2093 135 2137 3333
158 2077 309 2157 potuerit.
360 2078 462 2142 lmmo
484 2078 691 2162 ineptissima.
743 2076 782 2138 ln
811 2076 993 2138 universum
1023 2083 1131 2140 autem
1160 2076 1213 2140 de·

65 2175 198 2258 scriptio
222 2198 260 2240 ea
281 2185 349 2242 tam
371 2179 457 2244 clara
480 2187 577 2264 atque
600 2178 767 2263 perspicua
790 2182 847 2257 331,
870 2184 906 2241 11
929 2178 1058 2242 omnino
1075 2198 1146 2242 eam
1162 2199 1213 2242 ac·

5 2214 7 2352 l
65 2279 212 2342 curatius
233 2285 373 2346 tractare
396 2303 667 2366 supervacaneum
689 2281 741 2345 sit.
786 2279 900 2344 Restat
922 2280 1020 2363 igitur
1041 2285 1078 2344 ut
1100 2278 1139 2345 de
1161 2302 1213 2346 vc·

66 2378 207 2462 riloquio
229 2384 374 2448 vocabuli
395 2380 525 2471 κύρβεις
546 2405 649 2469 pauca
671 2382 799 2460 addam,
823 2403 899 2445 nam
920 2381 998 2466 quid
1018 2374 1103 2462 ἄξων
1118 2384 1215 2466 signi-

66 2478 144 2545 ficet
172 2502 262 2547 nemo
291 2506 354 2549 non
384 2487 545 2569 intelligit.
597 2487 701 2551 Nimis
722 2484 864 2568 prolecto
887 2483 1052 2548 credulum
1077 2484 1213 2549 Wester-

67 2602 206 2648 mannus
215 2588 243 2665 4)
267 2607 300 2650 se
321 2587 462 2670 praebet,
487 2590 543 2672 qui
565 2587 740 2653 secundum
764 2586 861 2651 schol.
887 2588 938 2649 Ar.
956 2608 1004 2650 av.
1025 2591 1114 2650 1354.
1136 2586 1211 2651 nub.

66 2690 140 2748 447.
164 2686 260 2751 schol.
284 2689 431 2772 Apollon.
456 2691 515 2753 Rh.
541 2691 682 2769 111330.
707 2680 776 2752 οἷιτό
800 2691 859 2752 τοῦ
881 2691 1135 2774 κεκοροφῶσθαι
1157 2710 1211 2753 303

5 2815 7 2876 1
69 2793 252 2853 nominatos
268 2811 335 2854 esse
350 2798 450 2874 putet,
471 2814 546 2855 nam
562 2792 642 2857 haec
657 2793 746 2876 origo
768 2791 915 2856 vocabuli
937 2812 1038 2873 aeque
1060 2791 1144 2854 falsa
1166 2796 1214 2855 at

5 2877 7 2956 l
69 2907 131 2969 que
153 2890 236 2953 aliae
258 2884 342 2971 (ἀπὸ
364 2897 430 2957 τῶν
452 2890 670 2980 Κορυβάντων
693 2916 744 2978 ap.
768 2893 871 2957 Treta.
896 2893 917 2956 l.
935 2894 955 2957 l.
979 2886 1049 2956 ἀπὸ
1071 2888 1214 2979 κύρβεως

5 3047 7 3104 3
69 3008 118 3071 ap.
145 2992 324 3076 Asclepiad.
348 2995 380 3058 in
402 2997 507 3078 Etym.
526 2996 567 3059 M.
585 3017 608 3058 s.
627 3018 654 3058 v.
672 2990 790 3080 κύρβ.),
815 3016 897 3078 quae
920 3016 940 3058 a
961 2996 1119 3060 veteribus
1140 3019 1213 3080 pro—

5 3111 6 3114 *
70 3099 242 3170 ponuntur.
289 3096 407 3160 Verum
430 3097 516 3162 haud
539 3098 633 3161 dubie
656 3097 816 3178 Benfeyus
837 3098 1004 3178 invenit5),
1027 3099 1083 3181 qui
1106 3120 1213 3163 vocem

69 3189 243 3279 κβρβοσις-
273 3192 308 3260 ία
336 3199 480 3282 ejusdem
509 3200 617 3283 stirpis
645 3219 713 3262 esse
743 3199 917 3263 contendit.
970 3200 1057 3263 Haec
1088 3222 1213 3283 quoque
1264 3236 1266 3238 >

5 3289 7 3346 f
71 3299 262 3381 perantiqua
285 3306 317 3364 et
339 3321 358 3364 3
381 3301 503 3366 Graeca
533 3302 643 3385 lingua
671 3301 796 3365 videtur
818 3323 885 3366 esse
907 3302 1022 3366 aliena.
1067 3289 1212 3386 Utraque

74 3467 278 3485 -—-—-'-.-.-...-..

144 3600 163 3666 1)
200 3599 234 3653 cf.
252 3599 325 3654 Plut.
345 3600 399 3653 Sol.
423 3600 441 3652 l.
460 3600 478 3652 l.
515 3601 641 3654 Cratinus
659 3602 677 3654 l.
697 3601 715 3653 l.
750 3600 951 3669 Harpocration
977 3620 1002 3656 v.
1030 3598 1113 3660 ἄξονι.
1149 3604 1212 3656 Dio·

72 3686 180 3749 genian.
198 3686 230 3753 V,
250 3689 292 3739 72.
328 3688 441 3756 Gregor.
461 3688 540 3756 Cypr.
558 3689 604 3757 IV,
627 3691 667 3742 10.
705 3688 829 3756 Apostol.
848 3689 881 3756 X,
901 3693 934 3741 27
952 3690 994 3741 ed.
1014 3690 1141 3742 Leutsch.

5 3767 6 3770 ¹
141 3773 163 3838 2)
198 3771 257 3825 Pol.
274 3773 372 3843 fragm.
392 3777 474 3843 psa.

142 3859 164 3926 ³)
200 3859 291 3927 Etym.
310 3861 348 3915 M.
364 3879 385 3914 s.
403 3878 428 3914 v.
465 3861 540 3915 Suid.
559 3880 578 3914 s.
597 3880 623 3916 v.

141 3945 163 4013 4)
198 3947 234 4000 ad
254 3947 326 4000 Plut.
343 3948 398 4002 Sol.
418 3950 460 4002 25.

141 4034 162 4103 ⁵)
199 4032 307 4088 Griech.
326 4035 491 4089 Wurzellex.
509 4036 536 4088 Π
553 4053 580 4105 p.
593 4036 654 4088 313.
