2750 4575
616 136 654 198 31

70 375 123 391 ...
142 374 149 388 .
172 319 364 412 ἐπεμελήθη
385 320 422 389 δὲ
445 319 514 408 [καὶ
533 326 592 410 τῆς
613 318 778 408 resume
799 320 856 388 καὶ
875 327 934 411 τῆς
948 320 1139 411 κρεανομίας
1152 322 1209 391 καὶ

68 431 122 516 τῆς
143 422 407 514 ἐπικασμιήσεως
427 430 486 514 τῆς
507 423 702 512 τ]ραπέζης,
740 422 915 513 ἐμέρ[ι]σεν
941 425 978 493 δὲ
1004 425 1061 493 καὶ
1082 423 1130 506 εἷς
1150 425 1208 497 τόν

68 522 153 596 οἶνον
175 579 286 597 .....
309 553 385 617 ντην
413 523 557 617 δραχμὰς
584 522 671 593 iuvit
700 522 766 593 κτὲ.
830 529 959 613 Optime
988 531 1210 614 hujuscemodi

67 635 193 717 negotia
214 634 350 718 parasiti
372 637 524 717 poterant
544 630 719 716 perficere,
755 652 828 697 cum
859 633 985 713 omnia,
1023 653 1106 716 qnae
1136 655 1210 699 cum

67 735 167 821 epulis
189 736 415 816 cohaererent,
444 735 489 799 eis
511 735 656 799 curanda
684 740 790 799 essent
809 738 841 814 1).
888 735 981 800 Certe
1003 736 1030 801 si
1053 736 1132 801 haec
1155 758 1210 802 ne-

45 839 151 921 'gotia
175 838 284 903 omnia
304 837 533 921 posterioribus
554 836 751 920 temporibus
764 839 792 915 2)
815 838 935 903 archon
958 839 1092 918 curavit,
1114 858 1210 922 para·

67 941 133 1006 sitis
153 941 270 1006 relicta
291 946 385 1005 erant
406 939 505 1018 nulla,
528 958 628 1022 quare
650 945 786 1018 constat,
808 941 842 1004 ni
864 939 967 1021 fallor,
990 940 1078 1005 illius
1098 941 1210 1006 inscri-

66 1043 182 1128 ptionis
203 1048 348 1126 tempore
370 1043 531 1126 parasitos
558 1063 622 1107 non
650 1041 720 1124 jam
749 1043 918 1108 exstitisse.
963 1042 1111 1109 Fortasse
1133 1044 1211 1109 belli

67 1145 327 1230 Peloponnesiaci
362 1143 559 1228 temporibus
587 1149 678 1211 vetus
707 1143 761 1209 ille
790 1165 858 1209 mos
885 1145 1020 1229 eligendi
1048 1146 1209 1230 parasitos

66 1248 231 1329 obsolevit,
262 1268 334 1312 cum
357 1269 422 1312 non
443 1248 477 1311 in
499 1246 646 1311 omnibus
668 1247 760 1330 pagis
781 1246 1019 1328 invenirentur,
1051 1250 1106 1334 qui
1129 1268 1209 1314 onus

66 1351 148 1416 illins
169 1351 315 1415 muneris
336 1350 461 1433 possint
482 1349 629 1414 tolerare.

146 1453 295 1537 Denique
317 1452 437 1534 siquis
460 1456 517 1530 est,
539 1451 595 1534 qui
617 1452 761 1530 miretur,
784 1449 870 1533 quod
886 1449 1015 1514 Herculi
1030 1451 1120 1516 heroi
1141 1457 1209 1516 tam

67 1555 252 1639 splendidus
275 1553 380 1619 cultus
402 1554 570 1618 institutus
593 1554 650 1631 sit,
678 1552 866 1636 responderi
886 1558 1007 1636 potest,
1038 1553 1208 1621 Herculem

67 1678 126 1721 uon
148 1656 245 1722 modo
269 1655 449 1739 antiquitus
473 1655 608 1720 Athenis
630 1655 754 1719 cultum
775 1675 860 1732 esse,
891 1655 947 1720 sed
970 1655 1011 1721 ab
1033 1655 1209 1722 Athenien·
1313 1652 1315 1654 ’

67 1759 149 1825 sibus
171 1759 287 1844 primis
308 1758 443 1841 prodeo
466 1778 533 1822 esse
556 1756 726 1821 adoratum
742 1759 779 1838 ³).
824 1758 996 1823 Praeterea
1010 1758 1128 1823 scimus
1142 1780 1210 1824 ma·

66 1861 180 1926 simam
203 1862 238 1926 in
257 1861 365 1924 Attica
387 1865 474 1924 terra
496 1859 592 1925 fuisse
608 1859 848 1924 multitudinem
864 1859 1103 1942 Heracleorum,
1125 1881 1208 1946 quae

19 2018 21 2021 ,
68 1962 226 2027 aTbeseo
251 1962 347 2027 heroti
364 1960 494 2026 Herculi
516 1961 638 2026 tradita
660 1983 729 2026 esse
751 1962 940 2027 dicebantur
955 1966 995 2045 ⁴),
1019 1963 1210 2030 Marathona

67 2065 150 2128 etin
174 2065 359 2147 Cynosarge
380 2063 474 2127 ludos
496 2062 626 2129 Herculi
648 2084 717 2130 esse
739 2065 917 2132 celebratos
933 2069 972 2148 ⁵),
994 2067 1041 2131 ita
1062 2074 1109 2145 ut,
1132 2068 1209 2151 quin

67 2168 178 2232 summi
207 2166 346 2233 honores
375 2165 488 2230 tributi
518 2166 583 2230 sint
607 2166 738 2232 Herculi
761 2167 820 2233 deo
843 2167 985 2235 dubitari
1006 2170 1135 2235 omnino
1155 2190 1210 2236 ne-

68 2387 268 2400 ——--—-—-

137 2540 157 2609 ¹)
194 2540 231 2593 cf.
250 2537 351 2591 Athen.
370 2537 407 2593 IV
425 2554 453 2605 p.
474 2539 523 2589 171
542 2537 576 2590 D.
594 2536 627 2589 Ε.
645 2532 761 2608 εὑρίσκω
779 2535 811 2589 δὲ
830 2538 877 2588 καὶ
895 2534 1030 2609 ψήφισμα
1051 2538 1100 2592 ἐπὶ
1116 2543 1210 2610 Κηφι-

69 2623 189 2696 σοδώρου
206 2626 260 2696 (01.
278 2624 347 2693 0111,
366 2627 390 2678 3.
409 2623 453 2678 vel
471 2624 564 2691 CXIV,
584 2625 612 2692 2)
628 2620 776 2696 ἄρχοντος,
795 2624 825 2676 ἒν
842 2614 864 2693 ᾧ
882 2621 975 2698 ὥσπερ
993 2644 1020 2677 τι
1037 2622 1164 2698 σύστημα
1182 2628 1210 2678 οἱ

69 2717 261 2784 προτένθαι
285 2714 352 2775 εἰσὶ,
379 2705 509 2781 καθάπερ
533 2712 560 2762 ol
585 2707 736 2783 παράσιτοι
759 2708 966 2784 ὀνομαζόμεναι.
1003 2714 1038 2768 cf.
1056 2716 1210 2769 Mommsen

68 2799 187 2856 Heortol.
199 2806 237 2870 p.
257 2803 318 2855 307.
352 2799 517 2853 Instruenda
541 2803 620 2854 amnt
643 2800 686 2855 his
707 2800 857 2869 protentln's
880 2803 977 2871 epulae
994 2803 1023 2856 in
1041 2804 1140 2858 diebus
1157 2804 1211 2858 sol·

68 2888 203 2944 lcmnibus
220 2891 275 2940 τῶν
287 2885 478 2958 Ἀπατουριῶν.

135 2960 159 3027 ²)
196 2961 237 3013 De
250 2963 375 3027 tempore
393 2958 474 3026 hujus
491 2956 680 3025 inscriptionis
699 2956 823 3025 disputat
839 2957 973 3027 Rangabe
992 2961 1078 3029 antiq.
1091 2960 1156 3015 hell.
1175 2961 1210 3015 Π.

69 3063 95 3114 p.
113 3051 172 3101 121.
214 3046 355 3114 Ostendit,
375 3062 451 3113 eum,
469 3045 517 3113 qui
534 3044 564 3096 in
580 3042 762 3111 inscriptione
779 3046 937 3098 nominetur
949 3042 1140 3117 Ἀμυνόμαχος
1157 3052 1210 3100 Φι-
1322 3117 1324 3120 ι

70 3130 201 3204 λακρότου
218 3136 363 3199 Βατῆθεν,
387 3132 505 3187 inveniri
522 3131 606 3183 etiam
624 3130 654 3182 in
671 3131 802 3200 Diogenis
819 3132 911 3185 Laert.
929 3132 987 3187 vita
1004 3134 1120 3202 Epicuri
1136 3137 1211 3190 inter

70 3236 121 3290 eos,
140 3223 188 3290 qui
205 3224 403 3274 testamentum
421 3220 479 3288 ejus
498 3218 666 3287 aperuerint.
702 3217 788 3285 Quam
807 3219 919 3273 obrem
938 3221 1012 3275 cirea
1029 3222 1072 3277 01.
1085 3224 1211 3281 CXXVII

68 3307 209 3379 inscriptio
227 3313 289 3363 orta
307 3325 366 3362 esse
384 3308 501 3362 videtur.

136 3397 159 3463 3)
194 3396 230 3451 cf.
247 3397 360 3450 Preller.
380 3395 489 3450 Grieeh.
506 3394 624 3462 Mythol.
643 3411 668 3462 p.
689 3396 750 3447 258.
769 3396 828 3449 259.
863 3395 981 3450 Pausan.
999 3397 1020 3465 Ι,
1039 3399 1082 3466 32,
1101 3400 1127 3451 4.

137 3484 161 3553 ⁴)
196 3484 269 3539 Plut.
287 3484 368 3538 Thes.
388 3484 431 3537 35.
455 3483 502 3534 καὶ
525 3478 580 3533 ὅσα
596 3479 705 3553 ὑπῆρχε
722 3485 821 3554 τεμένη
840 3481 975 3557 πρότερον
992 3482 1066 3553 αὐτῷ
1084 3487 1134 3551 (sc.
1154 3487 1210 3550 Θη-

71 3572 122 3633 σεῖ)
141 3574 188 3635 τῆς
206 3567 310 3629 πόλεως
327 3567 467 3634 ἐξελούσης
485 3565 595 3621 ἅπαντα
613 3573 764 3643 καθιέρωσε
782 3566 909 3642 Ἠρακλεῖ
925 3573 971 3624 καὶ
989 3569 1211 3645 προσηγόρευσεν

70 3652 130 3707 ἀντὶ
149 3659 259 3724 Θησέων
275 3654 418 3730 Ἡράκλεια
436 3653 510 3723 πλὴν
525 3653 676 3730 τεσσάρων,
705 3654 741 3716 ὡς
759 3654 913 3730 Φιλόχορος
928 3654 1079 3731 ἱστόρηκεν.
1104 3689 1138 3699 -
1174 3660 1210 3714 cf.

70 3742 168 3798 Miiller
185 3748 284 3801 Dorier
301 3747 344 3800 ed.
357 3746 385 3799 H
401 3763 429 3813 p.
442 3748 493 3800 442
513 3746 590 3814 cujus
607 3748 707 3799 miram
725 3747 760 3799 de
778 3748 908 3815 parasitis
928 3765 943 3801 e
958 3750 1059 3816 spuriis
1076 3749 1106 3802 in
1124 3749 1210 3818 Cyno-

70 3847 147 3901 sarge
164 3834 298 3904 eligendis
316 3834 482 3888 sententiam
499 3851 555 3887 non
572 3834 756 3902 probaverim.

138 3920 161 3989 ⁵)
196 3921 232 3975 cf.
249 3921 329 3976 Pind.
348 3921 390 3975 Ol.
408 3922 456 3991 IX,
475 3923 517 3976 19.
553 3920 638 3976 Arist.
662 3940 723 3977 ran.
747 3923 809 3977 650.
851 3919 921 3974 Erat
946 3924 1040 3976 autem
1063 3926 1210 3993 utromque

70 4003 230 4063 Heracleum
248 4009 348 4063 eximia
366 4009 536 4064 celebritate.
572 4008 608 4063 cl.
625 4009 728 4065 Herod.
745 4010 792 4078 VI,
812 4012 854 4063 16.
