2750 4575
717 157 759 219 26

295 341 428 427 ἓῇςοντας
449 339 573 426 οὐσίας,
596 345 704 425 καλκός
724 343 934 430 βεβιωκότας.

297 440 355 514 εἶθ
376 442 511 535 ὕστερον
532 445 589 514 τὸν
608 444 771 535 Ἡρακλέα
790 447 986 534 μιμούμενοι

293 553 358 617 τῶν
380 546 528 638 εὐπόρων
549 551 636 630 τινες
655 558 678 633 ¹)
702 548 907 638 παρασίτους
927 550 1076 634 ἑλόμενοι

295 651 435 741 τρέφειν,
459 648 664 740 παρεκάλουν
685 648 757 737 ουχὶ
777 652 854 734 τούς
872 653 1103 741 χαριεστάτους

294 752 507 841 ἐκλεγόμενοι,
531 752 607 833 τοὺς
628 755 665 823 δὲ
686 753 872 825 κολακεύειν
892 756 1087 842 δυναμένους

294 856 350 924 καὶ
371 852 468 922 πάντ’
491 855 639 925 ἐπαινεῖν
659 853 770 924 ari...

252 963 340 1041 Quae
365 968 543 1045 sequnntur
572 962 696 1046 reliqua
725 984 789 1028 non
820 962 919 1044 digna
950 969 1025 1027 sunt
1046 983 1129 1047 quae
1150 961 1327 1028 describa-

165 1082 246 1139 mus,
269 1084 342 1129 oum
363 1058 406 1129 ad
427 1087 496 1130 rem
518 1064 564 1129 nil
586 1065 718 1144 faciant,
740 1086 875 1148 cumque
898 1065 1002 1130 solum
1024 1066 1245 1149 parasitorum
1264 1087 1327 1150 po
1355 1132 1356 1137 ,

166 1167 337 1232 steriorum
357 1167 588 1252 perditissimos
615 1186 720 1232 mores
748 1166 902 1232 obscoene
926 1167 1109 1252 depingant.
1152 1167 1232 1232 lam
1254 1168 1327 1232 sin·

166 1268 242 1352 gula
266 1290 466 1353 quaeramus.
510 1271 632 1335 Narrat
654 1270 814 1335 Diodorus
835 1270 989 1349 Athenis,
1027 1275 1182 1354 utquam
1205 1271 1325 1353 splen-

166 1370 331 1436 didissimo
353 1372 473 1437 honore
496 1372 651 1437 Hercules
673 1373 752 1437 deus
773 1371 953 1437 afficeretur
975 1373 1018 1437 ad
1033 1394 1125 1438 saera
1138 1373 1325 1437 instituen·
1355 1364 1356 1427 l

165 1471 208 1537 da
238 1472 405 1539 duodecim
434 1473 599 1538 hominum
630 1473 896 1540 nobilissimorum
928 1496 996 1540 esse
1022 1476 1149 1540 eleetos.
1194 1475 1326 1540 Postea
1355 1464 1356 1517 f

165 1575 279 1640 divites
308 1576 478 1642 nonnullos
507 1575 652 1641 homines
674 1576 846 1642 Herculem
875 1578 1039 1643 imitantes
1067 1577 1232 1662 parasitos
1256 1577 1324 1641 sibi

73 1731 75 1735 .
164 1677 296 1763 elegisse
317 1701 381 1745 non
403 1679 617 1745 nobilissimos
644 1680 699 1744 sed
723 1680 942 1763 spurcissimos
963 1679 1107 1745 homines
1130 1683 1231 1761 atque
1257 1678 1325 1742 hoo

164 1781 258 1845 modo
281 1802 380 1865 genus
402 1768 531 1847 illorum
554 1782 758 1847 adulatorum
781 1788 878 1865 atque
893 1789 1139 1860 assentatorum,
1162 1781 1219 1865 qui
1237 1787 1324 1845 tunc
1355 1772 1356 1831 ἷ

164 1883 291 1949 nomine
312 1885 528 1970 parasitorum
550 1891 761 1963 vocarentur,
799 1890 906 1950 ortum
935 1904 1013 1950 ease.
1057 1885 1147 1949 Haec
1174 1884 1209 1948 in
1243 1885 1323 1947 uni·
1355 1950 1356 1955 ,

163 2006 289 2049 versum
319 1986 352 2050 in
383 1986 526 2052 versibus
548 2007 646 2072 supra
665 1987 775 2052 allatis
796 1989 954 2053 contineri
974 1988 1133 2053 videntur.
1179 1984 1248 2050 Sed
1275 1987 1321 2050 vi-

164 2086 224 2153 deo
247 2087 472 2154 Oasaubonum
489 2093 516 2170 2)
539 2090 669 2155 omnino
691 2090 785 2154 aliter
806 2089 887 2154 haee
907 2090 1006 2155 rerba
1027 2110 1095 2154 esse
1117 2089 1320 2172 interpreta-

163 2196 243 2255 tum.
287 2192 374 2256 Dicit
394 2192 497 2257 enim:
529 2192 625 2273 ,olim
647 2192 774 2276 publice
799 2193 932 2257 Athenis
954 2192 1126 2257 alebantur
1148 2192 1319 2275 (parasiti)

162 2295 197 2360 in
220 2296 353 2379 singulis
374 2297 466 2379 pagis
488 2296 521 2360 in
545 2296 699 2361 honorem
721 2295 879 2375 Herculis,
901 2302 1013 2380 postea
1034 2296 1257 2377 magistratus
1281 2301 1319 2360 ut

163 2398 234 2474 hoc,
246 2404 375 2483 sumptu
396 2398 574 2463 liberarent
597 2419 665 2463 rem
686 2399 866 2484 publicam,
894 2398 1010 2462 divites
1031 2396 1211 2480 elegerunt,
1242 2398 1318 2481 qui-

162 2500 222 2566 hus
243 2501 376 2566 alendos
396 2501 556 2585 parasitos
577 2501 764 2582 traderent,
796 2498 927 2587 τρέφειν
949 2495 1153 2586 παρεκάλουν
1175 2498 1216 2563 de
1244 2520 1317 2564 ma-

163 2604 301 2686 gistratu
322 2603 584 2686 intelligendum;
622 2605 735 2687 utique
764 2605 791 2669 si
820 2606 907 2688 legas
936 2606 1003 2667 τῶν
1031 2595 1180 2685 εὐπόρων
1207 2598 1315 2679 τινάς.

164 2705 220 2771 sin
242 2704 363 2770 scribas
384 2704 471 2784 τινές
491 2705 661 2791 paululum
684 2706 811 2771 diversa
833 2705 993 2771 sententia
1016 2725 1163 2789 expones,
1185 2704 1250 2787 ipsi
1267 2705 1314 2768 di-

163 2808 245 2874 vites
273 2807 488 2873 hortabantur
519 2829 587 2874 sese
617 2809 658 2874 ad
686 2808 882 2874 exhibendos
910 2808 1102 2891 parasitos.“
1152 2806 1215 2871 Sed
1240 2805 1314 2889 jam

163 2911 287 2975 Petitus
302 2914 333 2994 ³)
354 2911 525 2991 intellexit,
549 2910 774 2977 Casaubonum
798 2910 891 2975 valde
912 2930 1046 2975 errasse.
1092 2908 1203 2992 Neque
1223 2910 1314 2972 enim

162 3013 252 3092 vidit,
275 3014 372 3078 verba
394 3014 469 3079 inde
491 3004 763 3099 ab'eld'b'urepoo
784 3035 849 3078 non
872 3014 1047 3097 simplicem
1063 3032 1132 3077 esse
1147 3032 1185 3076 ac
1200 3031 1313 3075 veram
1355 3033 1356 3084 l

162 3118 381 3183 narrationem
404 3117 460 3183 sed
481 3118 609 3201 ingenio
632 3117 742 3182 deberi
763 3120 894 3201 potitae,
932 3115 987 3198 qui
1009 3114 1069 3180 hoe
1091 3113 1186 3179 modo
1208 3113 1311 3177 illibe·

161 3220 261 3285 ralem
291 3220 507 3306 parasitorum
536 3226 685 3284 naturam
715 3219 820 3284 faceta
847 3219 987 3302 quadam
1013 3218 1198 3282 inventione
1220 3216 1312 3280 nobi·
1355 3249 1356 3252 ¹

161 3323 226 3387 lem
247 3323 382 3387 reddere
405 3322 510 3387 vellet.
555 3322 723 3386 Neminem
746 3327 855 3386 autem
876 3327 983 3405 potest
1004 3320 1124 3403 fugere,
1147 3341 1201 3384 eos
1216 3339 1310 3403 para·
1355 3327 1356 3392 ζ

163 3426 261 3503 sitos,
298 3425 354 3507 qui
377 3425 513 3489 divitum
535 3423 637 3508 epulis
660 3416 867 3506 άσυμβόλους
882 3426 911 3505 ⁴)
940 3416 979 3488 orl
999 3417 1240 3506 καταβαλόντες
1262 3422 1308 3485 in·
1355 3407 1356 3428 ¹

162 3534 281 3593 teresse
303 3527 463 3604 solerent,
500 3526 575 3590 inde
603 3525 643 3590 ab
666 3527 900 3609 antiquissimis
921 3528 1081 3591 exstitisse
1102 3523 1308 3609 temporibus,

236 3779 256 3843 ¹)
291 3774 368 3833 τινὲς,
381 3773 501 3842 conjecit
518 3773 671 3828 (lasaubon.
689 3778 765 3829 reete
782 3792 833 3844 pro
851 3775 932 3830 codd.
949 3769 1033 3832 τινάς.
1355 3741 1356 3802 l

231 3866 256 3935 λ)
291 3862 512 3933 Schweighaeus.
531 3862 566 3915 ad
585 3861 687 3916 Athen.
705 3864 746 3917 III
763 3881 791 3932 p.
809 3866 875 3930 4073
894 3863 1001 3917 Petitur
1019 3863 1092 3933 legg.
1110 3863 1170 3916 Att.
1187 3881 1214 3932 p.
1230 3865 1288 3916 164.

231 3953 254 4021 ³)
288 3953 362 4022 legg.
380 3951 438 4004 Att.
459 3950 478 4004 l.
496 3951 515 4003 l.
1355 3945 1356 3994 l

233 4040 256 4109 ⁴)
292 4038 327 4093 ci.
345 4038 450 4092 Diodor
468 4054 512 4106 ap.
530 4037 631 4091 Athen.
650 4037 689 4092 VI
706 4054 733 4106 p.
752 4038 813 4092 239.
831 4055 856 4091 v.
876 4041 900 4092 6.
