2750 4575
611 214 652 274 50

60 401 285 483 Dioscurorum
309 402 455 467 Herculis
478 402 580 468 cultui
602 402 699 466 fuisse
722 402 936 479 simillimum,
960 400 1025 479 cui,
1049 406 1085 463 ut
1107 403 1204 462 antea
1276 404 1279 409 ’

59 503 200 582 ostendi,
235 511 268 569 et
289 505 350 587 ipsi
372 505 486 588 epulae
508 507 761 584 instruerentur,
795 524 931 587 quarum
953 501 1088 585 parasiti
1109 507 1204 564 erant

58 607 239 691 participes.
285 605 365 670 Tum
395 608 531 691 parasiti
559 609 593 672 in
624 609 750 672 Anaoeo
780 627 906 689 qnoque
936 602 985 668 vel
1013 603 1129 667 cotidie
1151 602 1203 666 vel

58 709 154 773 certis
183 709 379 792 temporibus
407 709 622 793 epulabantur
650 716 683 774 et
712 707 869 773 sacrificia
891 728 963 771 cum
985 703 1205 769 sacerdotibus

58 811 314 875 in'Anaceorum
337 809 542 877 sollemnibus
565 812 737 877 iaciebant.
782 811 851 875 Hoc
873 810 958 873 enim
981 808 1021 873 ob
1042 828 1114 871 eam
1129 826 1204 870 cau·
1231 863 1234 868 .

58 933 126 976 sam
148 913 344 996 putaverim,
373 914 450 996 quia
471 914 541 998 lege
563 935 662 998 supra
681 913 783 978 allata
805 912 1024 990 constituitur,
1048 916 1085 974 ut
1106 909 1204 974 boum

57 1035 115 1099 pro
138 1014 230 1078 victis
256 1015 378 1079 scilicet
404 1021 618 1081 mactatorum
640 1018 738 1081 tertia
760 1037 835 1100 pars
858 1015 1020 1078 tribuatur
1042 1011 1204 1096 parasitis,

58 1124 91 1181 et
112 1137 308 1200 quamquam
331 1115 371 1180 de
393 1139 525 1183 numero
547 1140 658 1184 eorum
680 1119 726 1183 nil
748 1118 904 1183 traditum
920 1121 979 1195 est,
1002 1137 1041 1179 ex
1056 1115 1117 1179 hac
1131 1115 1206 1197 ipsa

57 1240 91 1283 re
114 1219 266 1302 consequi
289 1219 424 1300 videtur,
444 1241 622 1305 perpaucos
644 1221 751 1301 fuisse,
775 1241 847 1284 oum
868 1219 1057 1284 tantandem
1080 1216 1204 1299 accipe·

58 1326 130 1384 rent
151 1327 288 1404 partem,
311 1327 465 1405 quantam
488 1308 636 1388 sacerdos
657 1331 691 1388 et
713 1324 768 1407 qui
793 1322 877 1387 ludis
899 1322 999 1385 victor
1020 1318 1203 1384 excesserit.

57 1421 120 1486 Sed
142 1422 283 1488 lontibus
305 1430 372 1488 tam
396 1425 510 1508 exigue
530 1426 737 1490 manantibus
759 1426 797 1490 de
826 1424 876 1489 his
898 1423 1124 1503 Dioscurorum
1147 1441 1204 1504 pa-

56 1525 163 1588 rasitis
185 1525 279 1607 plura
300 1526 457 1608 conjicere
478 1528 782 1610 periculosissimum
805 1536 863 1608 est,
885 1529 995 1609 itaque
1017 1524 1077 1589 boo
1099 1524 1203 1589 solum

57 1626 277 1690 contenderim
299 1627 513 1693 conditionem
541 1651 650 1695 eorum
678 1632 823 1714 proxime
845 1629 996 1695 accedere
1019 1626 1060 1691 ad
1082 1646 1204 1704 eorum,

57 1728 112 1811 qni
141 1729 175 1792 in
198 1728 362 1794 Heracleis
388 1731 604 1813 parasitorum
631 1732 734 1797 officio
755 1732 980 1816 fungebantur.
1025 1728 1111 1792 Addi
1132 1734 1205 1812 pot·

56 1836 113 1911 est,
137 1830 195 1894 hos
217 1852 342 1914 quoque
369 1831 445 1896 deos
467 1834 518 1897 vel
539 1834 652 1900 herois
673 1835 758 1900 inter
779 1834 1003 1918 antiquissima
1026 1831 1204 1896 Athenien-

57 1934 138 1997 sium
162 1935 296 1997 numina
317 1954 385 1997 esse
408 1937 638 2015 numerandos,
669 1943 702 2000 et
723 1936 807 2000 hane
829 1936 870 2001 ob
892 1957 1022 2000 causam
1045 1933 1103 1999 bos
1125 1953 1228 2015 quo-.

57 2056 118 2117 que
139 2036 298 2117 parasitos
319 2037 423 2119 primo
446 2059 483 2102 ac
505 2039 634 2123 proprio
656 2059 750 2102 sensu
773 2037 894 2102 scilicet
914 2039 1118 2102 convivarum
1133 2056 1203 2099 esse

56 2137 246 2201 nominatos.
291 2138 406 2202 Postea
428 2141 522 2217 enim,
545 2139 584 2204 de
606 2161 670 2223 qua
692 2161 727 2205 re
743 2140 933 2224 supradixi,
953 2139 1091 2204 nominis
1106 2137 1204 2219 signi·

56 2238 162 2304 ficatio
185 2246 336 2324 angustos
358 2238 438 2306 fines
460 2242 552 2326 quasi
573 2249 774 2326 transgressa
796 2249 845 2307 est
866 2243 922 2322 ita,
946 2248 982 2307 ut
996 2238 1132 2326 parasiti
1146 2260 1203 2304 no-

56 2344 256 2407 minarentur
277 2349 400 2408 centum
422 2345 583 2429 quoddam
607 2345 824 2410 ministrorum
847 2366 1009 2409 sacrorum
1031 2364 1144 2426 genus,
1161 2342 1203 2406 ‚ni

56 2444 159 2524 fallor,
183 2467 293 2510 eorum
315 2447 369 2528 qui
391 2468 449 2529 pro
472 2452 540 2511 toto
563 2446 681 2531 populo
706 2448 753 2512 rel
775 2449 881 2532 potins
903 2467 961 2531 pro
984 2445 1130 2512 omnibus
1152 2465 1202 2509 so·

57 2548 182 2611 rietatis
204 2548 370 2630 cujusdam
393 2551 503 2613 sacrae
526 2549 687 2614 sodalibus
710 2571 801 2613 sacra
824 2549 982 2633 quaedam
1005 2570 1077 2613 cum
1099 2567 1205 2610 sacer-

57 2647 185 2713 dotibus
207 2649 357 2714 facerent.
413 2651 475 2715 Sed
498 2652 630 2716 alterius
654 2653 780 2735 generis
802 2658 894 2715 erant
914 2651 1049 2734 parasiti
1075 2646 1108 2713 ἓν
1130 2652 1203 2713 Κυ-

57 2746 210 2836 νασάργει
231 2772 402 2834 omnesque
426 2754 480 2836 qui
503 2754 545 2818 ad
560 2754 708 2818 Herculis
724 2755 845 2819 cultum
861 2754 1086 2818 celebrandum
1109 2751 1205 2815 electi

58 2859 165 2934 erant,
188 2859 355 2937 praeterea
378 2856 512 2939 parasiti
534 2857 567 2919 in
590 2857 718 2921 Anaceo
740 2858 897 2935 instituti,
929 2857 1061 2921 alterius
1083 2854 1205 2919 Achar-

57 2976 172 3021 nenses
194 2965 227 3019 et
249 2955 451 3023 Pallenenses
474 2965 507 3023 et
528 2959 554 3022 si
577 2959 632 3042 qui
654 2959 710 3023 alii
731 2959 933 3024 creabantur.

144 3058 277 3141 Recepit
299 3059 533 3141 quodammodo
555 3064 693 3146 primam
709 3058 983 3145 significationem,
1007 3083 1079 3125 cum
1095 3081 1114 3123 a
1128 3062 1205 3142 poe-

58 3162 101 3225 tis
123 3161 304 3226 comoediae
327 3165 513 3229 recentioris
536 3171 749 3249 usurparetur
770 3165 809 3228 de
832 3164 886 3242 eis,
909 3165 964 3246 qui
988 3160 1148 3227 adulando
1172 3166 1206 3224 et

59 3264 251 3328 assentando
283 3264 323 3328 ab
353 3265 504 3330 divitibus
534 3267 715 3331 hominibus
745 3274 777 3330 et
807 3266 979 3330 luxuriosis
1010 3263 1121 3347 epulas
1144 3264 1205 3326 sibi

58 3364 308 3429 eblandirentur.
354 3368 396 3430 Hi
416 3369 556 3450 parasiti
577 3369 828 3434 nominabantur
850 3370 897 3432 ita
919 3373 1043 3445 tamen,
1067 3373 1104 3430 ut
1124 3366 1205 3429 invi-

59 3466 140 3530 diosi
172 3472 268 3550 atque
300 3469 400 3533 odiosi
433 3469 557 3552 aliquid
587 3470 662 3534 huic
691 3471 810 3536 nomini
842 3470 1042 3534 adhaereret.
1099 3471 1205 3550 Atque

59 3569 181 3651 primus
206 3570 313 3635 Alexis
332 3573 360 3652 ¹)
388 3572 504 3636 dicitnr
533 3574 668 3657 parasiti
689 3595 859 3657 personam
882 3575 914 3635 in
938 3593 1065 3637 scenam
1088 3570 1206 3654 produ·
1274 3576 1276 3580 ’

60 3671 157 3750 xisse,
181 3670 267 3754 quod
289 3672 336 3735 ita
358 3673 599 3756 intelligendum
622 3682 685 3755 est,
708 3682 746 3739 ut
766 3676 875 3740 Alexis
897 3676 1019 3757 primus
1041 3695 1112 3737 eam
1134 3693 1207 3756 per·

60 3793 172 3835 sonam
194 3775 384 3853 comoediae,
408 3797 489 3859 quae
512 3784 586 3841 ante
610 3799 682 3841 enm
706 3778 880 3842 vocabatur
901 3772 1002 3857 κόλαξ
1023 3775 1071 3839 vel
1089 3775 1205 3840 durau·
1271 3821 1275 3832 r
1374 3800 1375 3809 ¹

60 3869 134 3951 λεύς
156 3876 397 3958 nominabatur,
431 3877 492 3943 hoo
514 3901 578 3944 uno
600 3881 729 3944 nomine
752 3875 937 3964 παράσιτος
960 3883 1098 3943 vocaret.
1145 3875 1207 3938 Mi·

135 4049 155 4143 ll
193 4101 217 4136 e.
236 4083 278 4137 Ol.
296 4084 444 4143 cxl-334
463 4103 486 4138 a.
506 4087 552 4140 Ch.
