2750 4575
635 144 674 202 47

77 328 219 392 feminae
254 328 400 392 additum
434 328 483 391 sit.
531 328 601 405 Qua
629 327 661 390 in
694 348 728 391 re
759 347 822 389 non
852 325 943 389 video
974 348 1030 417 cur
1052 326 1228 409 offendant,

76 452 155 495 cum
177 431 243 494 alia
265 437 392 494 exstent
414 436 641 508 monumenta,
679 430 713 492 in
744 428 858 511 quibus
887 428 958 510 pari
988 429 1082 494 modo
1113 452 1227 496 nomen

76 533 259 597 sacerdotis
281 531 427 596 additum
450 532 659 595 inveniamus.
705 531 744 595 cf.
769 530 803 594 C.
826 529 855 595 J.
879 533 914 593 d.
939 553 971 595 n.
996 535 1074 595 386:
1098 528 1158 597 ἐπὶ
1180 528 1228 598 is-

76 630 172 722 ρείοις
195 632 361 712 &locutor
381 629 584 715 Λαοδαμίας
605 637 663 720 τῆς
684 627 827 697 Κλείτου
852 630 983 709 Φλυέως
1004 629 1171 720 θύγατρος
1190 639 1226 717 ¹).

77 739 235 804 Ceterum
258 738 336 801 haec
358 738 429 820 ipsa
450 759 501 800 res
523 757 560 801 eo
582 736 709 799 facilius
731 740 837 819 potest
859 736 1029 819 explicari,
1060 738 1137 819 quia
1164 760 1226 802 non

75 843 109 906 in
136 842 209 924 ipsa
231 840 309 905 urbe
333 839 442 904 sedin
465 860 548 921 pago
570 845 662 902 extra
684 838 795 901 urbem
819 838 880 901 sito
903 837 963 902 hoo
985 847 1228 904 monumentum

75 943 130 1007 vel
162 943 336 1006 anathema
365 941 554 1010 collocatum
585 940 692 1004 fuerit.
760 939 842 1023 Ipsis
869 942 954 1005 enim
984 940 1119 1006 Athenis
1149 944 1229 1009 satis

76 1050 163 1123 erat,
186 1044 350 1109 archontis
373 1044 521 1127 eponymi
543 1044 672 1108 nomine
693 1049 819 1125 tempus
841 1041 984 1122 definire,
1007 1043 1040 1108 in
1065 1066 1148 1127 pago
1172 1066 1228 1110 au-

76 1156 159 1226 tem,
182 1147 237 1212 ubi
260 1147 450 1210 archontum
473 1165 703 1230 epouymorum
726 1145 855 1209 tabulae
871 1145 997 1229 publice
1013 1145 1149 1211 fortasse
1164 1148 1229 1213 col·

76 1252 208 1315 locatae
231 1271 293 1313 non
317 1255 443 1323 essent,
480 1248 680 1311 sacerdotum
711 1249 860 1325 nomina,
897 1249 931 1312 in
954 1268 1017 1331 quo
1039 1270 1122 1332 pago
1145 1257 1229 1315 esset

75 1351 221 1417 nobilius
244 1353 295 1416 dei
317 1351 484 1433 cujusdam
507 1349 675 1434 ternplum,
698 1349 731 1413 in
753 1349 889 1433 publicis
911 1350 1030 1414 tabulis
1052 1353 1229 1417 conscribe·

76 1456 211 1533 bantur,
234 1454 427 1537 saepissime,
449 1454 636 1536 praesertim
659 1452 685 1515 si
709 1451 747 1516 de
770 1452 864 1516 rebus
880 1453 977 1515 sacris
992 1454 1131 1537 scriptus
1146 1461 1231 1519 esset

76 1556 206 1634 titulus
230 1556 432 1621 sacerdotum
454 1556 587 1620 uomina
602 1554 716 1618 addita
731 1575 798 1617 esse
814 1556 1003 1637 putaverim.
1049 1558 1230 1623 Anathema

78 1668 203 1738 autern,
228 1659 267 1722 de
284 1680 346 1741 quo
363 1659 505 1734 dicimus
529 1656 714 1721 dedicatum
736 1662 807 1719 erat
829 1656 869 1719 ab
892 1656 1100 1722 archontibus
1122 1667 1155 1723 et
1174 1681 1231 1744 pa·

77 1763 193 1827 rasitis
216 1761 257 1825 ad
280 1761 442 1824 Minervae
464 1760 663 1823 Pellenensis
685 1759 806 1823 cultum
829 1759 1001 1836 institut-is,
1034 1761 1089 1843 qui
1111 1761 1229 1843 Pytho·

76 1868 162 1931 doro
186 1863 339 1928 archonte
361 1864 546 1927 muneribus
569 1863 686 1945 optime
705 1863 732 1943 2)
760 1860 860 1925 iuneti
883 1861 1008 1944 publice
1033 1883 1151 1928 corona
1173 1885 1228 1928 au-

77 1990 137 2033 rea
163 1971 257 2032 erant
279 1967 440 2044 coronati,
479 1986 543 2047 qua
570 1984 604 2027 re
627 1985 750 2028 summo
776 1964 850 2045 jure
874 1963 1020 2028 additum
1043 1972 1091 2028 est
1113 1987 1229 2031 nomen

78 2070 270 2147 sacerdotia,
293 2089 375 2150 quae
397 2068 431 2130 in
454 2068 523 2151 ipso
545 2067 665 2150 templo
688 2067 852 2129 Minervae
875 2066 998 2129 cultum
1019 2067 1227 2133 ministraret.

170 2172 234 2236 Sed
257 2171 336 2233 haee
359 2169 522 2234 hactenus.
568 2169 639 2233 Non
670 2170 852 2250 negaverim
882 2175 1011 2252 praeter
1039 2168 1098 2232 has
1128 2169 1230 2235 Palle

53 2285 57 2293 '
81 2297 201 2342 nenses
223 2280 256 2337 et
278 2272 498 2337 Acharnenses
520 2273 688 2337 societates
719 2292 826 2335 sacras
849 2279 1041 2355 praeterque
1063 2293 1102 2336 ea
1124 2271 1230 2338 loede-

82 2401 143 2455 ra,
183 2397 265 2459 quae
296 2375 337 2439 ad
367 2375 513 2439 Herculis
543 2375 664 2440 cultum
695 2374 756 2438 rite
780 2373 1008 2438 celebrandum
1030 2376 1229 2458 singulorum

81 2499 243 2566 pagorum
265 2476 387 2541 incolae
409 2479 567 2557 inierunt,
602 2478 683 2540 alias
706 2476 801 2539 etiam
826 2478 986 2540 exstitisse
1009 2499 1115 2542 sacras
1137 2479 1229 2543 soda-

82 2585 211 2661 litates,
236 2601 318 2664 quae
341 2579 526 2644 archontem
550 2579 598 2644 vel
622 2578 792 2643 archontes
815 2585 847 2642 et
868 2580 1028 2661 parasitos
1051 2580 1111 2645 sibi
1133 2603 1229 2664 quae-

82 2708 147 2769 que
170 2685 326 2767 eligerent
340 2686 378 2766 3),
402 2703 475 2745 cum
495 2704 570 2747 roro
591 2683 629 2745 de
652 2683 714 2745 hac
737 2702 771 2744 rc
794 2681 951 2745 traditum
974 2683 1019 2745 nil
1042 2684 1084 2747 sit
1105 2684 1229 2748 luorum

83 2789 229 2872 profecto
253 2808 316 2849 non
339 2785 482 2864 facimus,
506 2786 532 2848 si
555 2784 755 2868 conjecturas
776 2784 984 2848 cumulamus.
1009 2824 1050 2833 -

172 2891 285 2954 Restat
307 2910 373 2951 una
394 2889 610 2971 parasitorum
633 2908 796 2952 sacrorum
812 2888 1072 2952 commemoratio
1094 2890 1128 2953 in
1151 2889 1231 2972 lege,

84 3016 184 3076 quam
207 2992 336 3057 Polemo
358 2991 390 3053 in
415 2993 543 3052 Anaeeo
565 2990 688 3052 invenit
705 2990 754 3072 4),
792 2990 884 3071 cnjus
911 2990 1009 3054 verba
1037 2998 1112 3055 sunt
1133 2992 1229 3057 haee:

83 3101 157 3162 νοῖν
190 3093 226 3160 δὲ
253 3095 347 3177 βοοῖν
375 3093 446 3155 τοῖν
474 3086 645 3177 ἡγεμόνοιν
662 3095 692 3174 ⁵)
730 3093 801 3154 τοῖν
837 3087 1075 3174 ἐξαιρουμένοιν
1103 3089 1142 3157 τὸ
1171 3093 1231 3177 μὲν

83 3196 197 3286 τρίτον
226 3194 325 3282 μέρος
352 3187 399 3270 εἷς
426 3189 483 3256 τὸν
506 3185 630 3277 dycaeo,
663 3188 706 3255 τὰ
734 3189 771 3256 δὲ
798 3188 855 3256 δύο
877 3191 958 3279 μέρη
979 3190 1018 3258 τὸ
1039 3194 1099 3276 μὲν
1121 3192 1230 3282 ἕτερον

83 3307 133 3386 τῷ
157 3295 245 3386 ἱερεῖ,
268 3294 311 3362 τὸ
336 3294 379 3361 δὲ
400 3298 488 3372 τοῖς
510 3290 764 3382 παρασίτοις.
811 3296 891 3359 Erat
913 3299 1075 3361 Anaceum
1099 3298 1231 3365 Dioscu-

84 3488 292 3500 Μ

158 3586 180 3652 1)
218 3582 253 3635 cf.
271 3581 424 3633 Mommsen
441 3577 564 3629 Heortol.
584 3579 644 3631 237.

158 3674 180 3740 2)
217 3670 252 3724 cf.
271 3667 380 3722 Curtius
398 3664 479 3717 inser.
498 3664 558 3716 XII.
577 3664 659 3717 inser.
683 3668 706 3716 1.
720 3693 754 3702 -
777 3665 911 3738 Rangabe
930 3665 1016 3734 antiq.
1033 3667 1099 3720 hell.
1117 3669 1152 3723 ll.
1170 3673 1231 3724 794.

158 3760 181 3826 3)
216 3758 300 3810 Errat
318 3754 403 3822 igitur
421 3751 557 3804 Prellerus
575 3751 593 3804 l.
612 3751 630 3802 l.
649 3770 675 3820 p.
691 3754 750 3818 121,
775 3752 822 3819 qui
839 3754 975 3819 parasitos
994 3754 1186 3810 Acharnenses
1205 3761 1233 3811 et

87 3847 264 3900 Pallenenses
282 3845 318 3896 ad
335 3857 420 3893 unum
439 3840 585 3908 collegium
603 3838 769 3906 pertinuisse
787 3843 876 3908 putat.

157 3936 181 4001 4)
217 3931 319 3985 Athen.
342 3930 376 3983 VI
394 3946 421 3996 p.
439 3929 489 3981 235
510 3927 541 3979 Β.

159 4023 182 4089 ⁵)
218 4018 252 4072 cf.
273 4016 379 4070 Preller
396 4015 415 4065 l.
433 4015 450 4067 l.
469 4016 568 4083 p.121.
