2750 4575
621 184 661 244 36

67 374 202 458 parasiti
229 394 355 456 quoqne
385 371 566 437 sodalitatis
588 372 680 455 quasi
703 377 796 435 erant
817 373 1042 455 magistratus,
1079 374 1135 456 qui
1157 393 1214 437 cur

68 477 132 541 alio
161 475 255 540 modo
283 480 380 559 atque
408 475 463 539 alii
486 473 616 539 creandi
638 474 760 538 fuerint
782 474 1077 557 non-intelligitur,
1109 497 1214 559 neque

68 580 153 662 quod
176 579 259 658 dixi,
293 599 332 642 ex
361 579 430 661 lege
456 578 547 660 regia
574 576 828 641 concludendum
851 584 899 640 est
918 581 952 658 Ι).
998 578 1118 642 Tamen
1141 599 1213 643 cnm

68 681 208 746 Prellero
230 681 381 745 lacunam
403 686 477 765 post
500 679 655 744 vocabula
676 675 718 743 τὰ
738 678 941 763 γεγραμμένα
963 685 1080 758 statuo,
1103 680 1159 745 sed
1174 679 1214 744 ob

68 804 139 847 eam
162 803 307 861 eausam,
345 783 421 866 quia
442 783 548 867 prima
569 782 666 847 verba
688 781 768 864 legis
790 783 824 846 in
849 783 1033 846 universum
1060 783 1215 866 praescri-

67 885 142 951 bere
165 886 331 964 videntur,
364 891 402 948 ut
422 907 479 949 rex
501 886 644 949 omnium
665 885 856 973 archontum
880 891 976 968 atque
998 887 1213 968 parasitorum

67 989 261 1053 creationem
276 991 412 1065 curaret,
436 986 522 1070 quod
544 1009 626 1071 quae
649 993 824 1071 sequnntur
846 986 885 1050 de
907 987 1002 1051 certis
1024 987 1215 1070 quibusdam

68 1090 180 1155 diebus
209 1089 298 1155 festis
324 1088 531 1171 intelligenda
560 1094 651 1168 sunt,
688 1110 787 1173 quare
820 1110 948 1154 necesse
980 1091 1031 1155 est
1061 1089 1215 1154 excidisse

68 1191 239 1272 nonnulla,
262 1180 377 1274 quibus
398 1193 593 1256 indicantur.
636 1191 730 1256 Facit
751 1198 859 1254 autem
881 1212 1033 1275 promea
1056 1192 1216 1256 sententia

68 1315 140 1360 oum
173 1295 432 1359 commemoratio
465 1295 577 1377 templi
611 1291 659 1368 (ἐν
691 1296 739 1379 τῷ
770 1287 859 1379 lepis)
896 1299 965 1358 tum
998 1295 1214 1378 parasitorum

67 1397 322 1461 Acharnensium
342 1396 562 1480 Apollinisque
584 1396 692 1479 ipsius.
737 1396 857 1475 Quodsi
879 1395 953 1460 huic
975 1395 1044 1460 loco
1066 1395 1145 1477 legis
1166 1415 1216 1459 re·

67 1500 138 1583 gine
160 1499 381 1582 subjungimus
404 1498 502 1563 alium
516 1500 542 1578 2)
566 1491 627 1562 κᾶν
648 1501 720 1574 τοῖς
740 1501 800 1561 τοῦ
820 1496 984 1581 βασιλέως
1005 1496 1041 1562 δὲ
1062 1493 1214 1579 copore-⁹»)

67 1599 263 1685 γέγραπται·
298 1595 393 1665 θύειν
415 1604 462 1685 τῷ
477 1594 765 1677 undationem
785 1593 978 1686 Ἀχαρνέων
1000 1595 1213 1685 παρασίτους,

68 1702 108 1767 de
136 1703 248 1768 diebus
278 1703 470 1786 quibusdam
498 1702 588 1768 festis
612 1704 769 1788 Apollinis
796 1712 865 1768 re'm
894 1704 960 1785 agi,
990 1705 1106 1787 quibus
1127 1724 1215 1766 παν-

67 1799 183 1871 θοινία
210 1804 568 1870 rr'or'nmAtheniensium
599 1812 689 1881 (nam
717 1806 831 1870 verba:
869 1800 1049 1870 δαίνυσθαί
1074 1829 1111 1870 τε
1138 1801 1217 1882 τοὺς

67 1898 185 1984 ὄντας
212 1900 422 1994 Ἀθηναίους
451 1904 484 1972 ἐν
512 1911 560 1993 τῷ
588 1902 663 1993 ἱερῷ
685 1909 733 1972 nil
755 1908 844 1972 aliud
866 1915 999 1991 possunt
1020 1907 1214 1991 significare)

67 2011 305 2089 institueretur,
342 2011 483 2095 Apollini
509 2012 670 2095 primitiae
700 2009 891 2075 offerrentur
918 2010 990 2094 quis
1017 2019 1067 2074 est
1085 2010 1141 2093 qni
1162 2030 1216 2073 ne-

67 2113 141 2194 get?
185 2113 269 2177 Nam
297 2114 432 2197 parasiti
462 2110 498 2177 ἐκ
526 2118 586 2201 τῆς
613 2108 789 2196 βουκολίας
803 2116 831 2197 4)
860 2114 881 2178 i.
905 2135 931 2176 e.
956 2135 973 2177 e
995 2133 1089 2197 grege
1113 2132 1214 2189 sacro,

68 2214 123 2299 qui
151 2214 276 2299 publice
304 2214 467 2296 alebatur,
504 2224 541 2280 ut
570 2218 668 2280 sacris
696 2216 822 2300 publice
849 2214 1008 2279 faciundis
1036 2214 1216 2293 inserviret,

67 2317 163 2383 boves
192 2318 425 2383 nonnullos-
456 2320 573 2384 excidit
601 2326 674 2403 post
703 2342 732 2383 ν.
762 2313 937 2402 βουκολίας
967 2317 1098 2382 verbum
1128 2315 1214 2380 haud

67 2419 162 2484 dubie
183 2419 295 2484 similis
318 2420 559 2504 significationis
582 2426 678 2504 atque
700 2418 842 2505 ἐκλέγειν
864 2458 903 2469 -
926 2442 1022 2504 porro
1043 2420 1126 2484 sacri
1141 2419 1215 2483 hor·

68 2521 120 2587 dei
145 2543 185 2587 ex
214 2544 273 2588 sua
295 2524 429 2607 quisque
452 2530 544 2608 parte
567 2524 742 2588 sextarium
764 2525 880 2607 eligere
897 2526 926 2603 5)
945 2523 1107 2605 jubentur.
1127 2505 1132 2516 ’
1154 2520 1216 2584 De-

70 2720 275 2729 ...-——-—-—-

140 2846 160 2911 l)
196 2844 279 2898 Falso
293 2842 402 2912 judicat
419 2843 547 2897 Pastoret
564 2843 680 2898 histoire
698 2843 734 2897 de
751 2845 780 2896 la
795 2843 954 2914 legislation
971 2862 998 2914 p.
1012 2848 1072 2899 333.

139 2933 161 3000 2)
196 2931 299 2986 Athen.
317 2930 356 2986 VI
373 2947 401 2999 p.
414 2933 466 2984 234
484 2929 515 2983 F.
1206 2997 1208 2999 v

138 3018 162 3088 3)
197 3014 274 3090 νόμῳ
292 3019 376 3072 scribi
392 3018 496 3088 malim,
517 3019 581 3087 quia
598 3019 698 3073 ceteris
718 3019 786 3073 locis
804 3020 931 3073 omnibus
949 3021 1018 3091 legis
1037 3022 1138 3090 regiae,
1157 3039 1214 3075 non

68 3109 163 3177 legum
180 3106 212 3160 fit
230 3108 343 3160 mentio.

138 3196 161 3264 ⁴¹)
195 3195 280 3248 Petiti
299 3194 459 3263 conjectura
477 3190 554 3250 ἐκτὸς
572 3195 716 3259 βουκολίας
733 3194 811 3262 „sine
830 3192 894 3246 dolo
911 3193 1003 3246 malo“
1021 3194 1133 3247 omnino
1150 3194 1213 3261 reji-

69 3284 168 3337 cienda
185 3286 235 3335 cst.
270 3282 367 3351 Neque
386 3284 459 3336 enim
477 3283 507 3334 in
524 3283 586 3350 lege
603 3282 701 3348 verba,
730 3298 799 3349 qnae
818 3298 835 3332 a
852 3282 964 3335 comicis
982 3282 1064 3335 modo
1081 3299 1215 3350 usurpan-

68 3376 115 3424 tur
132 3371 249 3424 ridiculo
268 3386 349 3423 sensu
368 3368 414 3438 (cf.
433 3370 519 3422 Arist.
536 3370 641 3422 Eccles.
661 3369 705 3435 81)
724 3369 841 3430 existere
859 3372 982 3436 possunt.
1023 3369 1128 3423 Eorum
1150 3386 1215 3423 vero

70 3462 192 3527 conatus,
211 3458 259 3526 qni
270 3474 365 3510 vocem
380 3458 524 3522 βουκολίας
536 3457 612 3509 aliud
625 3454 780 3525 significare
799 3457 930 3510 dicebant
947 3457 994 3524 (cf.
1007 3457 1158 3511 Casaubon.
1173 3475 1217 3525 ap.

47 3546 289 3616 'Schweighaeus
306 3545 343 3598 ad
360 3544 462 3598 Athen.
481 3545 522 3597 111
543 3561 571 3613 p.
590 3547 651 3598 367.
672 3575 705 3582 —
735 3545 874 3597 Petersen.
892 3544 976 3597 Arch.
994 3545 1054 3613 Ztg.
1074 3546 1100 3598 X
1124 3564 1151 3598 n.
1172 3549 1215 3599 37.

70 3653 97 3703 p.
115 3637 177 3701 410)
196 3651 229 3687 ac
248 3649 362 3702 gregem
381 3649 497 3698 sacrum,
515 3649 614 3700 nempe
625 3621 777 3701 ,jugerum
796 3634 865 3702 agri,
884 3650 918 3685 ex
936 3650 990 3700 quo
1008 3631 1049 3685 ias
1066 3631 1121 3685 fuit
1135 3650 1214 3701 para·

70 3722 123 3775 sito
142 3723 240 3789 cuique
258 3720 356 3773 hordei
373 3721 500 3773 hecteum
518 3721 647 3789 exigere“
670 3721 715 3773 vel
738 3722 877 3789 „bubile“,
905 3720 971 3773 vani
996 3737 1055 3772 esse
1077 3721 1214 3789 videntur,

70 3825 133 3861 cum
156 3808 217 3860 aliis
241 3808 308 3861 locis
332 3808 443 3861 omnino
465 3808 579 3876 probari
602 3812 755 3877 nequeant,
782 3808 931 3862 necessarii
955 3812 1047 3860 autem
1073 3825 1129 3861 non
1152 3809 1215 3861 sint.

71 3897 144 3949 Num
162 3894 234 3947 forte
251 3893 425 3947 Casaubonus
444 3898 472 3947 et
488 3895 595 3949 Petitus
612 3897 766 3963 parasitum
784 3914 801 3948 a
818 3900 893 3953 σῖτος
911 3913 970 3949 esse
981 3897 1155 3948 nominatum
1166 3914 1214 3964 pu·

70 3981 188 4036 tabant?

144 4070 166 4136 5)
203 4067 330 4120 Lacunae
348 4069 457 4137 signum
474 4086 530 4122 non
548 4087 611 4123 cum
628 4069 750 4123 Prellero
768 4073 833 4137 post
849 4068 1012 4122 vocabulum
1032 4070 1151 4140 ἐκλέγειν
1167 4088 1214 4138 po·
