2750 4575
650 162 687 221 15

70 357 181 418 rente
205 351 284 415 civis
307 348 511 413 Atheniensis
534 354 630 413 natus
653 354 738 428 erat,
760 348 956 432 persuasisse
979 349 1170 432 quibusdam
1188 350 1241 432 ju·

69 455 226 520 senibus
246 451 424 531 nobilibus,
461 455 497 514 ut
526 457 559 515 et
589 451 651 535 ipsi
678 452 712 515 in
741 450 921 534 Cynosarge
951 472 1019 515 sese
1046 457 1240 531 exercerent,

72 563 189 641 atque
218 556 278 620 hoe
309 552 383 618 dolo
411 553 577 618 sustulisse
607 542 788 637 spuriorum
814 554 1038 636 justorumque
1068 554 1240 618 liberorum

75 660 271 726 discrimen.
323 656 384 722 Cui
405 655 534 720 fabulae
556 657 583 721 si
606 678 669 720 non
694 656 822 720 omnino
844 655 939 720 fidem
963 655 1132 733 habemus,
1166 676 1240 721 cnm

77 761 285 826 inventionis
307 760 445 842 speciem
467 780 543 843 prae
566 779 599 823 se
620 759 705 823 ferat
728 779 781 834 eo,
814 759 900 841 quod
929 759 982 822 rix
1011 758 1097 822 credi
1124 762 1239 842 potest,

78 863 194 928 solum
217 861 463 926 Themistoclem
486 861 720 926 adolescentem
735 860 816 924 illud
831 860 983 945 perficere
999 861 1149 945 potuisse,
1173 881 1238 924 non

77 971 137 1030 est
162 971 290 1043 tamen,
321 963 407 1046 quod
427 969 529 1028 totam
551 985 623 1028 eam
646 984 714 1026 esse
736 963 900 1027 iuventam
920 962 1110 1046 judicemus.
1154 962 1238 1028 Nam

76 1068 127 1132 ab
153 1066 228 1131 aliis
251 1086 377 1149 quoque
400 1066 607 1149 scriptoribus
629 1065 837 1130 confirmatur
858 1064 906 1145 id,
937 1065 1022 1148 quod
1045 1065 1238 1129 Plutarchus

77 1175 213 1249 narrat,
237 1168 416 1252 adscriptos
438 1167 535 1233 fuisse
557 1168 682 1252 spurios
705 1169 737 1232 in
760 1167 925 1250 gymnasio
941 1163 975 1230 ἒν
990 1161 1238 1255 Κυνοσόργειῑ),

79 1273 247 1355 cujusque
268 1270 316 1334 rei
337 1271 404 1352 ipse
427 1270 619 1335 Plutarchus
641 1290 772 1334 causam
794 1268 889 1332 affert
910 1270 1010 1334 hanc:
1035 1266 1111 1334 ἐπεὶ
1125 1265 1237 1334 κάκεῖ-

80 1395 146 1450 νος
170 1378 227 1454 (sc.
246 1365 420 1459 Ἡρακλῆς)
441 1364 499 1436 οἰκ
519 1362 559 1460 ἦν
579 1368 710 1459 γνήσιος
733 1368 766 1437 ἓν
788 1374 892 1448 θεοῖς.
944 1371 1008 1437 Sed
1029 1394 1092 1456 quo
1114 1373 1236 1437 factum

84 1475 144 1554 sit,
168 1480 206 1538 ut
227 1474 380 1539 Hercules
399 1475 465 1554 ille,
488 1476 579 1558 eujus
602 1475 755 1559 templum
778 1475 811 1538 iu
835 1474 1014 1557 Cynosarge
1036 1481 1107 1538 erat
1127 1475 1238 1559 impri-

83 1577 152 1640 mis
175 1598 195 1640 a
217 1577 332 1659 spuriis
355 1578 527 1658 coleretur,
550 1579 641 1642 utin
665 1577 797 1661 reliquis
818 1577 985 1641 Heracleis
1002 1579 1030 1658 ²)
1054 1578 1236 1660 spuriorum

83 1677 194 1743 officia
217 1700 281 1742 non
304 1687 425 1760 essent,
456 1681 623 1745 nescimus.
669 1679 732 1744 Sed
754 1700 826 1743 cum
847 1680 881 1743 in
904 1678 1086 1763 Cynosarge
1109 1686 1237 1763 praeter

85 1781 240 1845 Herculis
262 1802 336 1845 aras
357 1782 551 1846 Alcumenae
574 1802 700 1865 quoque
729 1787 762 1845 et
792 1781 897 1846 Hebes
929 1787 1035 1845 essent
1064 1781 1181 1845 altaria
1196 1784 1235 1864 3),

87 1885 123 1946 in
153 1883 214 1948 hoc
241 1884 310 1967 ipso
340 1885 459 1968 templo
486 1883 622 1968 duplicis
649 1885 742 1965 quasi
763 1894 899 1948 naturae
921 1891 954 1948 et
976 1883 1101 1948 divinae
1123 1889 1157 1948 et
1177 1883 1236 1949 hu·

90 2006 216 2065 manae,
240 2007 305 2069 qua
321 1986 476 2052 Hercules
491 1985 608 2051 nothus
631 1985 739 2068 aliquo
761 1986 855 2050 modo
877 1985 982 2049 factus
1003 1986 1054 2064 sit,
1077 1987 1235 2051 rationem

90 2108 159 2153 esse
180 2087 327 2152 habitam
348 2089 567 2173 intelligimus.
612 2087 645 2152 Si
666 2109 741 2152 vero
764 2087 938 2152 Muellerus
954 2090 985 2168 ⁴)
1007 2095 1117 2172 putat,
1146 2089 1237 2153 habi·

88 2196 175 2255 tasse
198 2212 325 2274 quoque
348 2192 471 2274 spurios
493 2193 577 2255 circa
599 2190 770 2274 templum,
803 2211 914 2255 vereor
942 2196 980 2255 ut
1010 2191 1070 2255 hoc
1098 2192 1235 2275 probare

88 2293 167 2357 satis
197 2295 305 2377 possit.
366 2293 463 2357 Errat
492 2292 594 2373 idem,
628 2294 655 2358 si
686 2294 877 2358 vocabulum
910 2291 1073 2359 συντελεῖν
1106 2296 1235 2378 proprio

91 2416 184 2460 sensu
205 2395 388 2479 pensitandi
410 2416 473 2459 non
496 2396 628 2479 accipit,
658 2418 734 2460 nam
757 2397 963 2461 Hermannus
980 2398 1008 2483 ⁵)
1031 2404 1116 2460 recte
1139 2396 1234 2463 dicit:

91 2496 204 2580 quodsi
226 2494 345 2562 νόθων
358 2497 444 2580 apud
467 2496 677 2563 Athenienses
699 2520 737 2563 ea
759 2500 900 2565 conditio
922 2506 1008 2577 erat,
1039 2505 1077 2562 ut
1098 2520 1157 2564 sua
1177 2500 1236 2563 im-

160 2730 183 2798 1)
219 2729 255 2783 cf.
275 2728 372 2781 Suidae
390 2747 415 2783 v.
434 2725 622 2798 Κυνόσαργες·
650 2723 747 2792 iaculi]
771 2720 822 2778 οὖν
844 2727 891 2777 καὶ
909 2722 924 2777 ὁ
941 2722 1073 2796 Ἡρακλῆς
1091 2725 1170 2777 δοκεῖ
1187 2723 1235 2778 υό-

93 2814 237 2878 bocciaco,
256 2812 304 2866 aab
321 2818 402 2868 τοῦτο
422 2816 478 2868 ἐκεῖ
494 2817 521 2866 οἱ
538 2811 622 2867 νόθοι
639 2810 831 2885 ἐγυμνάζοντο.
857 2846 885 2853 -
905 2815 943 2868 id.
961 2832 986 2868 v.
1006 2813 1033 2871 ἔς
1049 2810 1232 2886 Κυνόσαργες·

94 2906 138 2954 καὶ
154 2906 180 2955 οἱ
197 2899 281 2955 νόθοι
299 2903 421 2955 ἐνταῦθα
438 2902 628 2974 ἐκρίνοντο-
648 2902 772 2970 Apostol.
793 2902 833 2967 X,
856 2904 900 2955 22.
921 2917 1041 2971 paroem.
1060 2919 1150 2971 graec.
1170 2903 1234 2957 edd.

93 2989 211 3044 Leutsch
229 2995 258 3043 et
274 2990 464 3046 Schneidewin
481 2992 516 3060 Π,
535 2994 585 3047 491
606 2990 634 3047 ἐξ
651 2978 685 3040 οὗ
702 2990 749 3039 καὶ
766 2985 830 3046 τοὺς
847 2984 951 3047 νόθους
969 2990 1114 3052 συντελεῖν,
1132 2985 1176 3042 ὅτι
1187 2994 1235 3043 καλ

93 3074 221 3148 Ἡρακλῆς
238 3074 324 3135 νόθος
341 3073 378 3130 ὢν
398 3077 446 3130 ἶσα
464 3081 540 3135 θεοῖς
558 3072 685 3147 ἐτιμήθη.
696 3107 728 3115 -
749 3076 873 3144 Appead.
883 3075 1001 3145 proverb
1021 3077 1100 3145 11,24
1111 3095 1233 3146 parcem.

95 3165 167 3219 Gal
189 3185 217 3235 p.
235 3169 296 3221 398.
315 3196 346 3206 —
378 3166 487 3217 Bekkcr
505 3165 597 3218 σαοσό.
617 3183 644 3233 p.
662 3166 721 3217 274.
747 3158 924 3233 Κυνόσαργες
941 3158 1094 3234 γυμνάσιόν
1112 3183 1139 3216 τι
1151 3162 1234 3233 Ἀθή-

93 3265 167 3317 νησι,
191 3254 230 3309 ελς
247 3246 262 3303 8
281 3248 467 3323 ἐνεγράφοντο
485 3254 531 3305 καὶ
550 3253 577 3302 οἱ
594 3245 677 3302 νόθοι
695 3252 723 3301 ολ
740 3250 770 3303 ἐκ
788 3253 838 3302 τοῦ
856 3251 949 3323 ἑτέρου
965 3252 1066 3324 μέρους
1089 3250 1177 3305 ἀστοί.
1199 3285 1230 3295 -

94 3338 200 3391 Plotius
217 3358 243 3394 v.
260 3335 443 3411 Κυνόσαργες.

159 3427 180 3494 ²)
215 3427 285 3480 Erat
304 3431 398 3481 autem
414 3427 611 3481 Heracleorum
638 3428 704 3480 satis
727 3444 843 3496 magnus
861 3444 991 3480 numerus
1009 3425 1045 3480 ef.
1062 3427 1231 3497 Harpocrat.

95 3531 115 3567 s.
130 3532 154 3568 v,
170 3509 312 3584 Ἡράκλεια
331 3553 337 3563 .
358 3553 363 3564 .
385 3555 391 3566 .
410 3516 520 3565 πολλῶν
538 3510 624 3565 ὄντων
641 3518 697 3566 τῶν
713 3510 783 3565 κατὰ
800 3511 851 3580 τὴν
863 3509 985 3580 Ἀττικὴν
1001 3509 1165 3585 Ἡρακλείων
1176 3516 1230 3570 xri.

159 3600 182 3669 3)
217 3600 252 3655 cf.
271 3601 390 3656 Ρσυοσα.
408 3604 428 3671 1,
450 3606 491 3671 19,
512 3606 528 3656 3
546 3603 636 3672 βωμοὶ
653 3600 688 3653 δέ
703 3604 773 3652 εἰσιν
789 3598 951 3671 Ἡρακλέους
968 3618 996 3653 τε
1013 3603 1060 3653 καὶ
1073 3597 1173 3669 Ἥβης,
1196 3598 1232 3670 ἣν

95 3684 158 3746 Διὸς
178 3688 269 3740 παῖδα
293 3684 379 3741 οὖσαν
403 3693 539 3742 συνοικεῖν
561 3683 689 3758 Ἠρακλεῖ
713 3690 880 3759 νομίζουσιν.
917 3684 1065 3758 Ἀλκμήνης
1087 3706 1116 3740 τε
1140 3688 1232 3761 βωμὸς

96 3778 139 3828 καὶ
153 3773 253 3828 Ἰολάου
270 3778 436 3840 πεποίηται,
455 3770 485 3832 ὃς
502 3771 536 3825 τὰ
555 3771 643 3828 πολλὰ
660 3771 788 3847 Ἡρακλεῖ
804 3772 973 3840 συνεπόνησε
990 3778 1045 3827 τῶν
1063 3777 1160 3846 ἔργων.

158 3864 179 3932 ⁴¹)
214 3864 251 3918 ud
267 3863 366 3918 Leuke.
384 3861 561 3933 Topograph.
577 3882 603 3918 v.
621 3863 722 3919 Athen.
745 3866 826 3933 (vers.
845 3862 1018 3931 Rienuclrer.)
1053 3864 1134 3919 Helle
1153 3868 1230 3921 1829.

95 3969 121 4019 p,
137 3952 192 4004 460.

161 4037 182 4107 ⁵)
218 4037 253 4091 de
270 4037 390 4107 syntelie
406 4057 433 4107 p.
452 4041 477 4091 4.
496 4035 553 4091 ind.
572 4037 656 4091 schol.
675 4037 800 4106 Gotting.
820 4039 853 4090 18
862 4037 919 4104 3l54.
940 4051 942 4054 ·
