2750 4575
81 409 138 473 hos
161 409 206 473 VI
228 429 327 474 annos
351 409 491 475 Beaufils
510 415 535 481 ¹)
559 408 599 473 de
621 409 667 474 eis
688 406 791 474 fusius
813 409 972 488 disseruit,
995 431 1059 475 non
1082 433 1145 495 quo
1167 411 1222 476 du-

79 511 168 576 bium
188 511 355 595 reliquerit
375 512 456 576 nihil
479 511 530 576 vel
551 510 634 575 hano
656 512 876 595 quaestionem
899 512 940 576 ad
956 512 1053 577 finem
1067 514 1221 598 perduxe-

79 616 124 679 rit
139 617 184 694 2),
215 615 271 679 sed
294 615 370 698 quia
392 614 523 697 majoris
544 615 698 678 momenti
721 634 789 678 esse
812 615 890 678 mihi
912 615 1105 680 videbantur
1127 617 1172 695 ei,
1203 639 1222 681 a

150 855 171 925 1)
207 856 248 908 De
269 855 399 924 parasitis
424 855 498 924 apud
515 858 622 908 veteres
641 872 693 909 scr.
712 854 831 907 Beaufils
850 856 1018 909 Constantiis
1038 860 1114 911 1861.
1151 859 1223 911 Ante

79 959 141 994 cum
159 941 285 996 Avellino
304 943 438 1010 (opuscoli
456 942 557 995 diversi
574 942 651 996 Tom.
665 943 685 994 1.
705 943 801 1011 saggio
820 944 859 994 su’
873 944 1004 1012 parassiti
1021 932 1095 998 delle
1114 946 1222 999 antiche

79 1030 230 1083 commedio
248 1029 366 1099 gracche
385 1048 400 1083 e
417 1029 514 1099 latine)
536 1033 564 1082 et
576 1029 679 1098 Grysar
691 1030 736 1099 (de
749 1029 924 1083 Doriensium
939 1033 1081 1085 comoedia
1092 1051 1119 1101 p.
1130 1035 1162 1086 52
1175 1034 1223 1102 sq.)

78 1118 113 1170 de
130 1118 182 1171 hoc
199 1118 385 1185 parasitorum
403 1134 504 1186 genere
522 1116 720 1171 disseruerunt.

147 1205 169 1273 2)
204 1206 292 1258 Immo
309 1205 442 1257 nonnulla
460 1205 570 1258 omnino
588 1204 743 1273 neglexisse
760 1204 830 1256 mihi
846 1205 973 1273 videtur,
1000 1223 1063 1258 cum
1080 1206 1222 1275 Alciphro·

77 1293 120 1343 nis
141 1293 282 1361 epistolas,
300 1308 370 1359 quae
389 1309 495 1344 summa
513 1294 578 1344 sunt
598 1292 764 1345 auctoritate
783 1292 819 1345 ad
836 1310 926 1346 mores
945 1292 1088 1346 hominum
1108 1294 1223 1348 istorum

78 1380 247 1434 deliniendos
270 1380 382 1432 omnino
404 1397 461 1433 non
483 1379 590 1448 legerit.
626 1379 775 1432 Praeterea
792 1380 827 1433 de
844 1381 1031 1448 parasitorum
1049 1383 1123 1450 apud
1142 1384 1223 1436 comi·

77 1485 123 1521 cos
141 1470 237 1535 poetas
254 1467 358 1520 vestitu
374 1467 512 1535 rebusque
529 1466 645 1519 scenicis
663 1465 787 1519 nondum
805 1467 952 1534 perspicua
970 1469 1063 1522 omnia
1081 1474 1156 1536 sunt,
1179 1487 1224 1522 ne·

78 1573 130 1623 que
149 1572 218 1622 quae
231 1555 408 1608 inveniuntur
420 1555 449 1606 in
463 1553 604 1608 codicibus
618 1553 784 1620 quibusdam
796 1553 969 1607 Terentianis
981 1555 1125 1624 imagines,
1144 1574 1225 1624 quae-

77 1660 130 1711 que
147 1660 182 1696 ex
199 1640 397 1710 antiquissimis
416 1639 495 1693 libris
513 1641 710 1709 manuscriptis
730 1641 873 1694 desumtae
892 1658 951 1694 esse
969 1641 1107 1711 videntur,
1127 1645 1162 1697 ad
1175 1644 1224 1697 has

76 1747 120 1783 res
145 1730 246 1784 clarius
270 1727 448 1781 illustrandas
474 1728 540 1780 satis
562 1727 621 1796 jam
645 1727 787 1781 adhibitae
810 1731 883 1781 sunt.
924 1730 964 1783 Ac
986 1730 1138 1784 dolendum
1161 1749 1225 1785 sane

77 1823 127 1886 est,
145 1817 219 1884 quod
236 1817 301 1869 illae
318 1816 462 1884 imagines,
484 1815 514 1866 in
532 1815 632 1883 quibus
650 1832 796 1885 expressae
814 1819 879 1870 sunt
896 1816 1066 1871 editionibus
1084 1819 1224 1873 Terentia·

48 1903 50 1907 ’
79 1906 130 1973 nis,
149 1905 287 1959 coloribus
305 1921 360 1956 non
377 1906 442 1956 sunt
454 1902 612 1971 distinctae,
630 1907 783 1971 praeterea,
802 1904 876 1972 quod
892 1908 950 1957 tam
963 1905 1144 1975 indiligenter
1156 1906 1224 1977 figu-

75 2010 169 2046 rarum
187 1992 288 2045 formas
306 1990 409 2044 codicis
428 1990 557 2051 Vaticani
574 1995 797 2058 repraesentant,
829 1991 896 2058 quin
919 1992 1006 2045 codex
1030 1993 1089 2060 ipse
1107 2012 1163 2047 non
1181 2012 1224 2048 ve·

76 2080 281 2134 hamentissime
300 2078 479 2131 desideretur.
515 2078 582 2131 Cum
598 2095 663 2130 vero
682 2079 712 2130 in
731 2078 867 2131 editiones
886 2095 940 2145 eas,
959 2096 1029 2146 quae
1047 2081 1090 2133 his
1107 2081 1224 2149 picturis

77 2171 142 2221 sunt
161 2172 287 2235 ornatae,
306 2183 389 2233 quam
407 2150 614 2219 accuratissime
632 2165 780 2232 inquisivi,
795 2165 932 2218 breviter
950 2169 1086 2233 quomodo
1104 2168 1177 2221 inter
1195 2187 1224 2222 se

75 2255 241 2311 cohaereant
259 2269 401 2322 exponam.
436 2251 478 2306 Ac
495 2252 617 2321 primum
635 2253 747 2321 quidem
764 2252 898 2322 imagines
918 2253 1021 2308 codicis
1034 2256 1163 2310 Vaticani
1176 2257 1224 2327 (LI

75 2362 103 2396 n.
117 2346 186 2398 3863
205 2342 253 2411 qui
268 2345 366 2411 postea
382 2341 502 2394 Parisios
528 2341 675 2394 traductus
701 2340 777 2394 intra
802 2357 888 2394 annos
912 2343 1088 2396 lero-1817
1107 2344 1223 2398 Romam

74 2432 177 2485 iterum
194 2430 278 2483 venit.
315 2428 351 2482 cf.
368 2429 482 2482 Platner
506 2428 715 2497 Beschreibung
738 2429 787 2482 der
810 2428 892 2481 Stadt
914 2429 985 2482 Rom
1008 2430 1035 2483 11
1058 2448 1086 2498 p.
1106 2433 1168 2501 346)
1192 2432 1222 2484 in

75 2518 266 2587 Christophori
277 2518 392 2585 Bergeri
409 2516 640 2570 commentatione
655 2516 690 2569 de
704 2516 829 2583 personis
842 2515 946 2582 scripta
959 2516 1049 2570 editae
1063 2521 1134 2586 sunt,
1154 2536 1224 2587 quae

75 2609 186 2675 praesto
204 2604 273 2658 mihi
291 2621 347 2657 non
365 2607 434 2657 erat.
469 2603 576 2657 Deinde
595 2620 666 2656 anno
686 2605 754 2656 1736
773 2603 803 2654 in
821 2602 943 2655 editione
960 2604 1096 2658 Urbinate
1112 2607 1224 2659 laminis

76 2709 220 2763 expressae
239 2696 304 2744 sunt
321 2691 425 2759 aeneis,
455 2691 503 2744 sed
526 2691 651 2757 sculptor
673 2690 798 2743 liberiori
816 2690 898 2744 modo
916 2691 1041 2745 imitatus
1060 2695 1103 2745 est
1120 2692 1224 2762 figuras

76 2779 193 2847 codicis,
222 2778 366 2831 literarum
389 2780 419 2831 in
443 2777 533 2831 titulis
557 2777 746 2831 adhibitorum
769 2777 887 2831 formam
909 2778 1028 2831 mutavit
1050 2796 1139 2847 neque
1157 2798 1224 2835 vero

76 2867 187 2922 nomina
205 2866 277 2919 male
295 2865 410 2935 singulis
427 2864 523 2935 figuris
542 2865 731 2935 superscripta
749 2864 929 2935 transposuit.
969 2864 1048 2932 Quod
1065 2866 1164 2919 vitium
1182 2868 1224 2920 vi·

76 2956 131 3024 dit,
158 2955 205 3023 qui
228 2954 384 3022 proximam
402 2953 554 3008 editionem
572 2952 679 3007 curavit
697 2953 809 3007 Carolus
827 2951 1003 3020 Coquelines,
1032 2969 1117 3020 quare
1134 2971 1162 3006 m
1180 2958 1223 3006 ta·

75 3043 148 3096 bulis
173 3041 264 3094 aeneis
289 3039 385 3093 eudem
411 3042 512 3107 (elucet
529 3042 583 3095 hoo
602 3058 636 3094 ex
655 3041 859 3109 subscriptione
881 3039 1029 3108 sculptoris
1052 3057 1095 3107 ap.
1114 3040 1225 3109 Coquel.

75 3148 103 3199 p.
122 3130 217 3183 XXIII
234 3129 263 3181 in
282 3128 349 3181 edit.
366 3129 465 3183 Urbin.
483 3146 511 3197 p.
529 3130 609 3182 Xlll:
641 3128 701 3197 „lo
720 3129 816 3196 Bapta.
837 3128 936 3181 Sintes.
954 3127 1084 3195 sculps.“)
1112 3128 1225 3197 quibus-

76 3220 140 3272 dam
158 3216 226 3271 locis
245 3216 365 3270 correxit
383 3219 416 3283 (e.
435 3234 462 3286 g.
480 3217 541 3269 Ter.
559 3217 630 3270 Eun.
649 3217 695 3282 IV,
714 3220 730 3270 7
738 3256 744 3283 ,
774 3217 824 3268 ubi
845 3215 964 3283 vestigia
985 3215 1085 3268 liturae
1108 3217 1226 3284 patent).

76 3306 191 3359 Restitit
215 3322 280 3358 vero
304 3305 401 3358 eadem
425 3304 600 3373 indiligentia
625 3304 760 3372 picturae.
804 3301 894 3369 Quare
918 3302 992 3355 solae
1015 3303 1079 3355 illae
1103 3305 1226 3372 tabulae,

76 3411 144 3463 quas
161 3393 316 3461 Aginoourt
333 3392 450 3460 praebat
469 3391 595 3460 (histoire
614 3392 648 3444 de
666 3391 732 3442 l’art
747 3406 799 3458 par
817 3391 856 3443 les
874 3406 1044 3443 monumens.
1063 3394 1129 3443 tom.
1145 3392 1167 3446 V
1185 3392 1227 3461 pl.

77 3483 120 3540 35.
138 3481 182 3549 36)
201 3480 303 3549 quippe
321 3495 391 3547 quae
409 3495 491 3546 quam
509 3478 716 3533 accuratissime
735 3477 838 3532 codicis
851 3476 969 3545 vestigia
982 3480 1132 3545 sequantur
1150 3479 1226 3547 (oon-

76 3570 166 3625 feotae
184 3571 260 3621 sunt:
279 3583 348 3636 „par
364 3566 392 3619 le
410 3583 508 3634 moyen
527 3567 565 3621 du
584 3565 710 3635 calque“)
731 3568 813 3634 aptae
831 3568 903 3632 sunt,
922 3565 1022 3632 quibus
1036 3565 1149 3619 habitus
1162 3583 1227 3635 per-

76 3675 205 3712 sonarum
223 3656 390 3710 comicarum
407 3654 542 3706 illustrari
559 3654 655 3723 possit.
699 3653 738 3707 At
754 3669 907 3722 perpaucas
924 3653 1008 3707 modo
1026 3653 1161 3722 imagines
1179 3671 1227 3707 co·

76 3745 146 3799 dicis
170 3744 210 3797 ibi
232 3744 261 3796 in
286 3743 429 3812 publicum
453 3741 541 3794 edidit
565 3742 736 3810 Agincourt,
764 3741 927 3806 easdemque
951 3740 1089 3793 coloribus
1109 3741 1227 3794 nondi-

76 3833 193 3886 stinotas
205 3833 244 3885 ita
259 3835 292 3885 ut
310 3832 345 3884 ad
363 3830 487 3884 codicem
504 3829 596 3897 ipsum
615 3830 691 3883 omni
707 3828 790 3881 modo
807 3826 1002 3896 refugiendum
1018 3827 1063 3879 sit.
1099 3827 1228 3895 Denique

77 3937 146 3989 quae
172 3923 282 3973 exstant
303 3919 417 3971 tabulae
440 3918 470 3969 in
492 3917 613 3982 editione
639 3916 794 3969 Daeeriana
817 3913 979 3981 (Amstelod.
1005 3913 1083 3981 1639)
1113 3917 1228 3968 omnino

76 4006 154 4059 nulla
186 4009 251 4057 sunt
279 4004 452 4059 auctoritate.
473 4034 504 4043 -
537 4004 572 4056 cf.
590 4003 698 4071 Angelo
722 4003 780 4055 Mai
802 4003 840 4055 M.
863 4001 932 4055 Acci
954 4001 1046 4053 Plauti
1067 4001 1230 4071 fragmenta

77 4092 184 4146 inedita
202 4096 254 4146 cet.
274 4091 426 4145 Mediolani
446 4093 522 4144 1815.
536 4120 562 4129 -
583 4090 719 4143 Wieseler
739 4089 1044 4142 Theaterdenkmaeler.
1063 4090 1098 4142 ad
1117 4090 1174 4143 tab.
1189 4090 1227 4143 X.
